2916 4986
343 521 614 574 CARTULARIUM
630 521 833 573 anaema:
851 522 901 573 DE
917 522 1103 576 WHITEBY.
1232 516 1291 577 179

160 705 244 750 mon
267 684 344 751 ibid.
374 687 445 750 Deo
471 705 560 761 sera,
585 686 621 749 in
649 705 737 770 perp.
768 685 868 762 elem..
893 685 974 752 duas
1004 688 1136 753 bovatas
1165 691 1232 754 t'rae
1257 690 1294 754 in

157 785 334 864 Livcrtun‚¹
356 787 403 850 ita
423 785 566 869 plenarie
580 806 639 869 per
652 792 757 849 totum
772 785 856 850 sicut
877 785 1024 851 homines
1039 787 1104 853 mei
1117 789 1246 866 habent,
1260 797 1295 854 et

158 884 278 947 toftum
305 905 410 948 unum
438 885 495 949 xii.
521 884 715 968 perticarum
747 885 782 948 in
812 885 996 962 latitudine,
1024 892 1059 950 et
1090 887 1294 971 longitudine

159 992 318 1066 quantum
342 984 425 1049 tofta
446 984 583 1049 aliorum
604 984 782 1061 hominum,
797 990 831 1049 et
846 1004 1050 1050 communem
1071 994 1237 1070 pasturam
1257 988 1294 1051 in

157 1084 323 1146 communi
344 1084 440 1148 bosco
454 1090 487 1148 et
508 1083 614 1167 plano,
626 1084 674 1147 ita
694 1088 804 1148 tamen
827 1085 914 1167 quod
935 1085 1103 1149 nimietate
1125 1085 1294 1170 pecuniae²

158 1200 225 1246 suae
237 1203 298 1247 nec
312 1183 467 1267 gravent³
481 1203 533 1248 me
547 1203 608 1248 neo
621 1183 770 1247 homines
785 1202 881 1248 meos.
925 1183 967 1246 In
983 1183 1077 1248 bosco
1092 1191 1202 1249 autem
1212 1206 1293 1263 meo,

156 1282 215 1364 qui
229 1288 279 1346 est
292 1283 328 1345 in
338 1281 477 1359 defensa,
489 1302 554 1346 non
563 1282 722 1366 accipient
733 1283 935 1346 mairemium
950 1282 1003 1347 vel
1016 1285 1216 1368 pannagium
1230 1286 1294 1350 nisi

156 1399 214 1464 per
227 1400 287 1446 me.
321 1383 407 1447 Istae
421 1383 530 1467 itaque
545 1383 625 1447 duas
641 1383 772 1447 bovatas
786 1383 957 1459 t’rae,sicut
970 1383 1116 1466 pradixi,
1127 1391 1160 1448 et
1174 1386 1293 1450 toltum

157 1486 192 1544 et
212 1500 417 1546 communem
437 1502 495 1566 per
516 1483 625 1546 omnia
645 1486 811 1566 pasturam
833 1481 972 1546 concedo
994 1483 1040 1546 eis
1062 1481 1103 1546 de
1124 1504 1176 1548 me
1198 1490 1232 1548 et
1253 1484 1293 1550 de

157 1579 238 1643 meis
253 1578 327 1645 haer.
342 1580 597 1658 liberas,solidas
618 1586 652 1646 et
674 1580 799 1664 quietes
822 1580 863 1644 ab
885 1580 974 1643 omni
997 1580 1138 1658 servitio,
1153 1588 1292 1648 consuet

156 1682 191 1741 et
214 1680 388 1757 erratione,
411 1681 468 1744 et⁴
488 1680 529 1744 de
550 1679 720 1764 danegelt,⁶
742 1700 800 1763 pro
822 1699 848 1743 a
872 1698 944 1743 mea
966 1684 999 1743 et
1021 1680 1168 1764 conjugis
1193 1681 1294 1758 meaa,⁶

157 1785 328 1862 parentum
339 1786 373 1843 et
386 1779 460 1844 haer.
476 1800 626 1845 meorum
671 1780 785 1858 Teste3
805 1778 910 1843 Alano
925 1779 965 1842 de
979 1778 1162 1845 Manceus.⁷
1206 1780 1293 1844 Ran-

158 1876 257 1954 dnlfo,
269 1879 449 1944 Preabitero
460 1877 474 1918 ⁸
487 1878 684 1963 deFinglin'.
730 1877 894 1942 Willelmo
908 1877 948 1943 de
964 1878 1110 1944 Karent'a
1154 1879 1294 1944 Roberto

158 1975 198 2041 de
227 1977 403 2060 Aycetuna.
456 1978 622 2043 Willelmo
652 1979 692 2042 de
723 1978 940 2062 Houkaagart,
969 1982 1002 2042 ct
1032 1979 1166 2063 Rogero,
1196 1979 1293 2043 fratm

159 2076 247 2158 ejus3
269 2084 302 2142 et
316 2078 397 2143 aliia.

282 2277 412 2342 CCXX.
434 2277 488 2341 Dn
503 2292 705 2342 eremmon
720 2277 962 2344 Hounnscann.
1008 2277 1069 2363 [M.
1089 2275 1169 2362 tol]

201 2413 325 2478 Notum
340 2415 383 2478 sit
397 2415 547 2479 omnibus
557 2415 622 2480 vid.
633 2414 686 2479 vel
697 2415 904 2480 audientibus
914 2416 973 2481 has
989 2415 1115 2480 litteras
1131 2414 1217 2499 quod
1227 2435 1295 2498 ego,

158 2512 354 2577 Aschetinus
369 2513 409 2577 de
432 2513 661 2598 Houkasgart,i
682 2513 856 2598 impetravi
879 2514 1054 2579 edominia
1072 2515 1154 2579 meis
1174 2512 1294 2600 B[ene-

192 2659 203 2694 ¹
221 2661 258 2714 M.
272 2662 422 2713 Livertona
460 2661 509 2714 See
520 2662 584 2714 Noa.
598 2664 641 2724 80,
657 2662 699 2725 97,
712 2666 763 2716 eto.

192 2740 205 2776 ²
221 2744 258 2795 M.
272 2744 657 2810 anddbothreadpecama'm
675 2745 1030 2812 tabenneceaaarilyinthe
1047 2762 1124 2798 unae
1141 2745 1294 2811 olpecoria,

157 2826 246 2880 cattle.

193 2908 204 2943 ³
221 2911 258 2962 M
271 2910 369 2962 inserta
380 2912 450 2962 altro
461 2912 565 2963 modam
576 2910 646 2962 here.
728 2908 740 2943 ⁴
758 2910 880 2963 Another
891 2918 915 2962 et
926 2910 1043 2962 inserted
1054 2911 1084 2961 in
1096 2912 1129 2962 Δ.

193 2991 205 3026 ⁶
222 2993 260 3045 M.
274 2994 410 3061 danegeld.
731 2990 743 3026 ⁸
761 2994 797 3048 Μ.
811 2995 909 3044 inserta
920 3000 944 3044 et
954 2993 1045 3045 before
1055 3000 1202 3058 parentum,

193 3073 204 3109 ¹
223 3076 260 3126 M.
274 3076 424 3128 Munceaua.
729 3073 741 3108 ⁸
758 3076 796 3127 M.
811 3076 886 3142 gives
897 3076 1010 3143 nothing
1021 3076 1128 3142 beyond
1139 3076 1194 3127 thia
1206 3093 1291 3130 name.

193 3156 206 3191 ⁰
222 3159 259 3210 M.
279 3159 462 3226 Boukeagard.
498 3161 556 3211 The
567 3159 665 3211 author
677 3159 706 3209 ol
722 3157 778 3210 thia
795 3158 869 3220 daed,
885 3157 974 3209 whose
991 3174 1069 3210 name
1082 3175 1192 3225 appears
1208 3159 1295 3212 under

158 3241 205 3292 the
216 3243 329 3309 varying
340 3242 422 3293 forme
434 3244 584 3304 Aaoatinm
601 3241 773 3305 Aschetlnua,
786 3241 974 3304 Aaebentinna,
988 3242 1107 3304 Aetiona,
1121 3241 1293 3305 Archetillua,

157 3324 279 3387 Artillue,
292 3330 351 3387 eto,
364 3325 445 3377 'rethe
457 3327 571 3376 founder
582 3326 610 3377 ol
620 3326 668 3377 the
680 3329 730 3376 not
741 3325 925 3391 enimportant
941 3324 1009 3375 local
1021 3325 1115 3390 family
1125 3325 1160 3376 de
1171 3325 1293 3378 Haukaa-

158 3408 245 3474 gartb.
283 3409 316 3459 In
328 3409 377 3460 No.
392 3411 444 3461 263
456 3410 490 3460 he
507 3410 556 3461 baa
567 3412 655 3477 grant,
667 3409 774 3473 subject
785 3413 815 3458 to
826 3409 928 3459 certain
945 3408 1103 3470 conditione,
1117 3408 1186 3460 from
1198 3408 1293 3461 Abbot

158 3490 277 3542 William
288 3491 321 3542 de
334 3492 426 3557 Percy,
435 3492 463 3543 oi
475 3492 666 3560 Haukeegarth
679 3492 731 3543 and
740 3490 906 3557 Normanby,
922 3491 975 3542 “in
986 3491 1068 3543 leudo
1075 3497 1104 3543 et
1113 3492 1293 3554 hereditate?

158 3574 187 3624 in
205 3575 338 3642 exchange
357 3576 399 3625 for
415 3575 551 3638 Newham,
565 3576 617 3626 and
635 3592 665 3627 aa
682 3575 717 3626 he
734 3573 758 3626 ia
775 3574 913 3626 described
930 3589 961 3626 aa
979 3575 1078 3627 “filine
1096 3576 1251 3640 willelmi?
1268 3578 1293 3629 it

157 3673 212 3708 was
225 3674 293 3723 open
304 3663 334 3708 to
346 3658 485 3721 interanea,
498 3659 520 3708 if
531 3658 609 3709 other
619 3674 710 3709 meana
721 3659 750 3710 of
761 3657 938 3710 information
946 3657 1001 3710 had
1013 3659 1080 3710 been
1092 3659 1220 3726 wanting,
1231 3660 1293 3712 that

158 3741 200 3791 hia
213 3741 302 3792 father
314 3758 369 3792 was
381 3742 499 3792 William
511 3742 545 3793 de
557 3742 693 3793 Newham.
733 3742 764 3792 In
777 3742 827 3793 No.
841 3743 903 3804 405,
918 3741 1052 3805 however,
1064 3742 1112 3793 the
1124 3743 1292 3794 inlerenoeia

158 3824 259 3890 proved
270 3830 298 3875 to
316 3824 349 3875 be
362 3825 477 3890 entirely
488 3829 598 3885 correct,
612 3824 749 3875 inaamuch
762 3841 790 3874 aa
808 3840 906 3891 among
923 3824 971 3876 the
983 3825 1122 3876 witneaeea
1140 3831 1169 3876 to
1181 3826 1232 3877 No.
1246 3827 1288 3887 28.

157 3907 296 3974 according
313 3911 344 3957 to
361 3908 408 3958 the
426 3908 594 3974 Inepeximua
612 3923 681 3974 copy
692 3907 721 3956 in
738 3907 786 3957 the
797 3906 865 3957 deod
882 3907 987 3968 named,
1007 3923 1051 3958 are
1069 3907 1246 3958 “Willelmua
1258 3909 1292 3958 de

158 3988 287 4039 Newbam
305 3993 333 4041 et
350 3990 421 4040 filius
433 3991 492 4054 ejus
511 3990 675 4042 Aschetinna
693 3989 727 4040 da
738 3988 954 4056 Houkeegarth.”
991 3990 1024 4040 In
1036 3990 1083 4041 the
1100 3995 1208 4056 present
1225 3990 1292 4041 dead

156 4070 190 4122 he
203 4071 308 4123 obtains
320 4073 418 4123 licence
429 4073 500 4123 from
517 4073 564 4124 the
576 4071 806 4138 Abbot-thcugh
822 4076 871 4123 not
882 4073 951 4123 from
965 4072 1021 4122 him
1033 4072 1094 4122 who
1112 4072 1292 4139 immediately

157 4155 301 4206 succeeded
313 4155 406 4206 Abbot
417 4155 601 4206 William—-to
613 4155 688 4206 build
700 4171 717 4205 a
735 4155 827 4220 chapel
840 4159 868 4206 at
881 4154 1077 4221 Haukeagarth,
1091 4155 1144 4205 and
1156 4159 1185 4205 to
1197 4156 1291 4207 eudow

156 4237 186 4290 it.
225 4238 255 4287 [n
275 4237 326 4289 No.
341 4240 401 4298 240,
417 4252 513 4305 among
528 4238 575 4288 the
587 4239 727 4289 witnessea
739 4254 784 4288 are
802 4242 820 4266 ‘⁸
830 4238 945 4288 Aetiona
957 4237 990 4288 de
1008 4236 1181 4303 Houkeagart
1199 4242 1227 4289 et
1238 4238 1292 4290 duo

157 4319 204 4369 filii
222 4319 304 4386 ejua.'’
341 4321 368 4372 It
386 4321 408 4370 ia
421 4325 469 4371 not
486 4321 556 4371 clear
567 4321 589 4371 if
606 4321 662 4372 thia
675 4337 766 4371 meana
783 4325 839 4370 two
852 4320 880 4371 ol
897 4320 939 4370 hia
952 4336 1021 4381 eona,
1035 4336 1066 4371 or
1082 4319 1124 4370 hia
1137 4323 1192 4371 two
1210 4336 1272 4371 aona
1285 4340 1293 4381 ς

157 4404 289 4470 probably
300 4405 347 4456 the
365 4405 454 4455 latter.
490 4404 546 4455 But
561 4404 637 4455 there
653 4404 677 4455 ia
694 4403 818 4455 nowhere
833 4403 863 4454 in
876 4403 952 4454 these
970 4403 1089 4454 chartera
1101 4419 1155 4468 any
1170 4403 1292 4455 absolute

157 4485 350 4539 identification
363 4488 392 4538 of
402 4488 478 4539 these
489 4492 545 4540 two
557 4502 627 4540 eona
666 4487 719 4538 Yet
731 4485 850 4537 william
862 4485 895 4537 de
908 4486 1086 4555 Haulreagard
1097 4487 1152 4538 and
1163 4487 1250 4553 Roger
1259 4487 1292 4537 de
