<?xml version="1.0" encoding="UTF-8"?>
<!DOCTYPE html PUBLIC "-//W3C//DTD XHTML 1.0 Transitional//EN"
    "http://www.w3.org/TR/xhtml1/DTD/xhtml1-transitional.dtd">
<html xmlns="http://www.w3.org/1999/xhtml" xml:lang="en" lang="en">
 <head>
  <title>
</title>
<meta http-equiv="Content-Type" content="text/html;charset=utf-8" />
  <meta name='ocr-system' content='tesseract 3.04.00' />
  <meta name='ocr-capabilities' content='ocr_page ocr_carea ocr_par ocr_line ocrx_word'/>
</head>
<body>
  <div class='ocr_page' id='page_1' title='image "./cartulariumabba00abbegoog_0354.png"; bbox 0 0 2916 4986; ppageno 0'>
   <div class='ocr_carea' id='block_1_1' title="bbox 360 493 1309 556">
    <p class='ocr_par' dir='ltr' id='par_1_1' title="bbox 360 493 1309 556">
     <span class='ocr_line' id='line_1_1' title="bbox 360 493 1309 556; baseline 0.002 -4"><span class='ocrx_word' id='word_1_1' title='bbox 360 498 632 555; x_wconf 66' lang='lat' dir='ltr'><strong>claramnium</strong></span> <span class='ocrx_word' id='word_1_2' title='bbox 650 498 854 550; x_wconf 81' lang='lat' dir='ltr'><strong>ABBATHIAE</strong></span> <span class='ocrx_word' id='word_1_3' title='bbox 871 493 920 550; x_wconf 79' lang='lat' dir='ltr'><strong>DE</strong></span> <span class='ocrx_word' id='word_1_4' title='bbox 936 498 1124 556; x_wconf 77' lang='lat' dir='ltr'><strong>wmrnsv.</strong></span> <span class='ocrx_word' id='word_1_5' title='bbox 1246 496 1309 555; x_wconf 74' lang='lat'><strong>25⁶</strong></span> 
     </span>
    </p>
   </div>
   <div class='ocr_carea' id='block_1_2' title="bbox 168 663 1312 1722">
    <p class='ocr_par' dir='ltr' id='par_1_2' title="bbox 168 663 1312 1722">
     <span class='ocr_line' id='line_1_2' title="bbox 172 663 1311 750; baseline 0.004 -21"><span class='ocrx_word' id='word_1_6' title='bbox 172 684 260 729; x_wconf 89' lang='lat' dir='ltr'><strong>ream</strong></span> <span class='ocrx_word' id='word_1_7' title='bbox 273 663 310 728; x_wconf 91' lang='lat' dir='ltr'><strong>in</strong></span> <span class='ocrx_word' id='word_1_8' title='bbox 324 670 481 749; x_wconf 71' lang='lat' dir='ltr'>praesente</span> <span class='ocrx_word' id='word_1_9' title='bbox 492 683 596 740; x_wconf 71' lang='lat' dir='ltr'><strong>causa</strong></span> <span class='ocrx_word' id='word_1_10' title='bbox 611 664 646 727; x_wconf 90' lang='lat' dir='ltr'><strong>in</strong></span> <span class='ocrx_word' id='word_1_11' title='bbox 660 683 794 747; x_wconf 88' lang='lat' dir='ltr'><strong>persona</strong></span> <span class='ocrx_word' id='word_1_12' title='bbox 808 664 1020 747; x_wconf 80' lang='lat' dir='ltr'><strong>procuratoris</strong></span> <span class='ocrx_word' id='word_1_13' title='bbox 1035 665 1087 730; x_wconf 91' lang='lat' dir='ltr'><strong>sui</strong></span> <span class='ocrx_word' id='word_1_14' title='bbox 1100 666 1255 750; x_wconf 86' lang='lat' dir='ltr'><strong>praedicti,</strong></span> <span class='ocrx_word' id='word_1_15' title='bbox 1269 669 1311 734; x_wconf 88' lang='lat' dir='ltr'><strong>ad</strong></span> 
     </span>
     <span class='ocr_line' id='line_1_3' title="bbox 172 763 1312 851; baseline 0.005 -23"><span class='ocrx_word' id='word_1_16' title='bbox 172 765 372 849; x_wconf 88' lang='lat' dir='ltr'><strong>agnoscenda</strong></span> <span class='ocrx_word' id='word_1_17' title='bbox 385 770 420 828; x_wconf 91' lang='lat' dir='ltr'><strong>et</strong></span> <span class='ocrx_word' id='word_1_18' title='bbox 441 764 623 829; x_wconf 85' lang='lat' dir='ltr'><strong>subeunda¹</strong></span> <span class='ocrx_word' id='word_1_19' title='bbox 645 783 742 828; x_wconf 86' lang='lat' dir='ltr'><strong>onera</strong></span> <span class='ocrx_word' id='word_1_20' title='bbox 762 763 1013 829; x_wconf 84' lang='lat' dir='ltr'><strong>extraordinaria</strong></span> <span class='ocrx_word' id='word_1_21' title='bbox 1034 765 1070 828; x_wconf 89' lang='lat' dir='ltr'><strong>in</strong></span> <span class='ocrx_word' id='word_1_22' title='bbox 1084 772 1200 849; x_wconf 88' lang='lat' dir='ltr'><strong>quarta</strong></span> <span class='ocrx_word' id='word_1_23' title='bbox 1219 776 1312 851; x_wconf 86' lang='lat' dir='ltr'><strong>parte</strong></span> 
     </span>
     <span class='ocr_line' id='line_1_4' title="bbox 171 862 1312 948; baseline 0.006 -23"><span class='ocrx_word' id='word_1_24' title='bbox 171 864 348 928; x_wconf 83' lang='lat' dir='ltr'><strong>taxationis</strong></span> <span class='ocrx_word' id='word_1_25' title='bbox 370 864 465 929; x_wconf 83' lang='lat' dir='ltr'><strong>diclae</strong></span> <span class='ocrx_word' id='word_1_26' title='bbox 483 864 626 929; x_wconf 84' lang='lat' dir='ltr'><strong>ecclesiae</strong></span> <span class='ocrx_word' id='word_1_27' title='bbox 641 862 681 927; x_wconf 92' lang='lat' dir='ltr'><strong>de</strong></span> <span class='ocrx_word' id='word_1_28' title='bbox 696 865 815 940; x_wconf 88' lang='lat' dir='ltr'><strong>Semar,</strong></span> <span class='ocrx_word' id='word_1_29' title='bbox 830 883 955 927; x_wconf 89' lang='lat' dir='ltr'><strong>necnon</strong></span> <span class='ocrx_word' id='word_1_30' title='bbox 975 863 1017 928; x_wconf 89' lang='lat' dir='ltr'><strong>ad</strong></span> <span class='ocrx_word' id='word_1_31' title='bbox 1038 866 1256 948; x_wconf 86' lang='lat' dir='ltr'><strong>praestandum</strong></span> <span class='ocrx_word' id='word_1_32' title='bbox 1277 873 1312 932; x_wconf 89' lang='lat' dir='ltr'><strong>et</strong></span> 
     </span>
     <span class='ocr_line' id='line_1_5' title="bbox 170 961 1310 1050; baseline 0.004 -23"><span class='ocrx_word' id='word_1_33' title='bbox 170 963 363 1028; x_wconf 89' lang='lat' dir='ltr'><strong>solvendum</strong></span> <span class='ocrx_word' id='word_1_34' title='bbox 384 963 480 1028; x_wconf 90' lang='lat' dir='ltr'><strong>dictis</strong></span> <span class='ocrx_word' id='word_1_35' title='bbox 502 962 673 1047; x_wconf 88' lang='lat' dir='ltr'><strong>Religiosis</strong></span> <span class='ocrx_word' id='word_1_36' title='bbox 687 962 775 1038; x_wconf 90' lang='lat' dir='ltr'><strong>viris,</strong></span> <span class='ocrx_word' id='word_1_37' title='bbox 789 962 846 1046; x_wconf 90' lang='lat' dir='ltr'><strong>qui</strong></span> <span class='ocrx_word' id='word_1_38' title='bbox 869 961 909 1028; x_wconf 90' lang='lat' dir='ltr'><strong>de</strong></span> <span class='ocrx_word' id='word_1_39' title='bbox 924 963 1019 1027; x_wconf 90' lang='lat' dir='ltr'><strong>totali</strong></span> <span class='ocrx_word' id='word_1_40' title='bbox 1040 984 1134 1030; x_wconf 89' lang='lat' dir='ltr'><strong>onere</strong></span> <span class='ocrx_word' id='word_1_41' title='bbox 1156 966 1310 1050; x_wconf 77' lang='lat' dir='ltr'><strong>predicto</strong></span> 
     </span>
     <span class='ocr_line' id='line_1_6' title="bbox 170 1061 1308 1146; baseline 0.005 -20"><span class='ocrx_word' id='word_1_42' title='bbox 170 1061 313 1127; x_wconf 90' lang='lat' dir='ltr'><strong>Domino</strong></span> <span class='ocrx_word' id='word_1_43' title='bbox 341 1068 450 1128; x_wconf 91' lang='lat' dir='ltr'><strong>nostro</strong></span> <span class='ocrx_word' id='word_1_44' title='bbox 476 1063 558 1146; x_wconf 86' lang='lat' dir='ltr'>Regi</span> <span class='ocrx_word' id='word_1_45' title='bbox 586 1082 736 1127; x_wconf 89' lang='lat' dir='ltr'><strong>concesso</strong></span> <span class='ocrx_word' id='word_1_46' title='bbox 765 1062 871 1145; x_wconf 87' lang='lat' dir='ltr'><strong>ipsam</strong></span> <span class='ocrx_word' id='word_1_47' title='bbox 900 1064 1069 1128; x_wconf 91' lang='lat' dir='ltr'><strong>ecclesiam</strong></span> <span class='ocrx_word' id='word_1_48' title='bbox 1098 1072 1308 1132; x_wconf 89' lang='lat' dir='ltr'><strong>concemente</strong></span> 
     </span>
     <span class='ocr_line' id='line_1_7' title="bbox 170 1160 1309 1245; baseline 0.004 -20"><span class='ocrx_word' id='word_1_49' title='bbox 170 1162 403 1238; x_wconf 85' lang='lat' dir='ltr'><strong>satisfecerunt,</strong></span> <span class='ocrx_word' id='word_1_50' title='bbox 418 1161 691 1245; x_wconf 86' lang='lat' dir='ltr'><strong>condempnemus</strong></span> <span class='ocrx_word' id='word_1_51' title='bbox 713 1160 948 1225; x_wconf 76' lang='lat' dir='ltr'><strong>sententialiter</strong></span> <span class='ocrx_word' id='word_1_52' title='bbox 962 1169 996 1225; x_wconf 92' lang='lat' dir='ltr'><strong>et</strong></span> <span class='ocrx_word' id='word_1_53' title='bbox 1010 1162 1181 1229; x_wconf 90' lang='lat' dir='ltr'><strong>diffinitive</strong></span> <span class='ocrx_word' id='word_1_54' title='bbox 1195 1165 1230 1229; x_wconf 93' lang='lat' dir='ltr'><strong>in</strong></span> <span class='ocrx_word' id='word_1_55' title='bbox 1244 1165 1309 1230; x_wconf 89' lang='lat' dir='ltr'><strong>hiis</strong></span> 
     </span>
     <span class='ocr_line' id='line_1_8' title="bbox 169 1261 1309 1347; baseline 0.005 -23"><span class='ocrx_word' id='word_1_56' title='bbox 169 1261 308 1345; x_wconf 90' lang='lat' dir='ltr'><strong>scriptis,</strong></span> <span class='ocrx_word' id='word_1_57' title='bbox 322 1261 646 1344; x_wconf 80' lang='lat' dir='ltr'><strong>condempnationem</strong></span> <span class='ocrx_word' id='word_1_58' title='bbox 657 1280 871 1343; x_wconf 85' lang='lat' dir='ltr'><strong>expensarum</strong></span> <span class='ocrx_word' id='word_1_59' title='bbox 883 1281 924 1325; x_wconf 83' lang='lat' dir='ltr'><strong>ex</strong></span> <span class='ocrx_word' id='word_1_60' title='bbox 933 1261 1038 1326; x_wconf 88' lang='lat' dir='ltr'><strong>causis</strong></span> <span class='ocrx_word' id='word_1_61' title='bbox 1049 1263 1202 1347; x_wconf 83' lang='lat' dir='ltr'><strong>legitimis</strong></span> <span class='ocrx_word' id='word_1_62' title='bbox 1213 1265 1309 1330; x_wconf 88' lang='lat' dir='ltr'><strong>omit·</strong></span> 
     </span>
     <span class='ocr_line' id='line_1_9' title="bbox 168 1359 1308 1446; baseline 0.004 -22"><span class='ocrx_word' id='word_1_63' title='bbox 168 1364 283 1426; x_wconf 87' lang='lat' dir='ltr'><strong>tentes.</strong></span> <span class='ocrx_word' id='word_1_64' title='bbox 327 1361 369 1425; x_wconf 92' lang='lat' dir='ltr'><strong>Iu</strong></span> <span class='ocrx_word' id='word_1_65' title='bbox 383 1381 521 1445; x_wconf 88' lang='lat' dir='ltr'><strong>quorum</strong></span> <span class='ocrx_word' id='word_1_66' title='bbox 536 1360 681 1424; x_wconf 90' lang='lat' dir='ltr'><strong>omnium</strong></span> <span class='ocrx_word' id='word_1_67' title='bbox 695 1359 918 1424; x_wconf 89' lang='lat' dir='ltr'><strong>testimonium</strong></span> <span class='ocrx_word' id='word_1_68' title='bbox 941 1366 1038 1443; x_wconf 89' lang='lat' dir='ltr'><strong>atque</strong></span> <span class='ocrx_word' id='word_1_69' title='bbox 1053 1360 1149 1425; x_wconf 90' lang='lat' dir='ltr'><strong>fidem</strong></span> <span class='ocrx_word' id='word_1_70' title='bbox 1164 1361 1308 1446; x_wconf 91' lang='lat' dir='ltr'><strong>sigillum</strong></span> 
     </span>
     <span class='ocr_line' id='line_1_10' title="bbox 169 1458 1307 1544; baseline 0.004 -22"><span class='ocrx_word' id='word_1_71' title='bbox 169 1458 267 1523; x_wconf 89' lang='lat' dir='ltr'><strong>officii</strong></span> <span class='ocrx_word' id='word_1_72' title='bbox 281 1461 384 1524; x_wconf 90' lang='lat' dir='ltr'><strong>nostri</strong></span> <span class='ocrx_word' id='word_1_73' title='bbox 406 1461 620 1544; x_wconf 72' lang='lat' dir='ltr'><strong>presentibus</strong></span> <span class='ocrx_word' id='word_1_74' title='bbox 642 1459 859 1543; x_wconf 89' lang='lat' dir='ltr'><strong>apposuimus.</strong></span> <span class='ocrx_word' id='word_1_75' title='bbox 903 1459 1029 1523; x_wconf 89' lang='lat' dir='ltr'><strong>Datum</strong></span> <span class='ocrx_word' id='word_1_76' title='bbox 1050 1460 1187 1525; x_wconf 89' lang='lat' dir='ltr'><strong>Eboraci</strong></span> <span class='ocrx_word' id='word_1_77' title='bbox 1201 1463 1307 1544; x_wconf 86' lang='lat' dir='ltr'><strong>quoad</strong></span> 
     </span>
     <span class='ocr_line' id='line_1_11' title="bbox 168 1557 1306 1645; baseline 0.004 -23"><span class='ocrx_word' id='word_1_78' title='bbox 168 1558 383 1642; x_wconf 87' lang='lat' dir='ltr'><strong>signationem</strong></span> <span class='ocrx_word' id='word_1_79' title='bbox 396 1558 614 1644; x_wconf 75' lang='lat' dir='ltr'><strong>praesentium,</strong></span> <span class='ocrx_word' id='word_1_80' title='bbox 625 1557 749 1623; x_wconf 86' lang='lat' dir='ltr'><strong>decimo</strong></span> <span class='ocrx_word' id='word_1_81' title='bbox 761 1558 814 1623; x_wconf 90' lang='lat' dir='ltr'><strong>die</strong></span> <span class='ocrx_word' id='word_1_82' title='bbox 825 1559 945 1622; x_wconf 89' lang='lat' dir='ltr'><strong>mensis</strong></span> <span class='ocrx_word' id='word_1_83' title='bbox 960 1558 1083 1637; x_wconf 85' lang='lat' dir='ltr'><strong>Martii,</strong></span> <span class='ocrx_word' id='word_1_84' title='bbox 1093 1559 1132 1625; x_wconf 85' lang='lat' dir='ltr'><strong>A.</strong></span> <span class='ocrx_word' id='word_1_85' title='bbox 1142 1560 1184 1625; x_wconf 93' lang='lat' dir='ltr'><strong>D.</strong></span> <span class='ocrx_word' id='word_1_86' title='bbox 1196 1580 1306 1645; x_wconf 88' lang='lat' dir='ltr'><strong>supra·</strong></span> 
     </span>
     <span class='ocr_line' id='line_1_12' title="bbox 168 1655 264 1722; baseline 0.031 -3"><span class='ocrx_word' id='word_1_87' title='bbox 168 1655 264 1722; x_wconf 88' lang='lat' dir='ltr'><strong>dicto.</strong></span> 
     </span>
    </p>
   </div>
   <div class='ocr_carea' id='block_1_3' title="bbox 371 1881 1101 1948">
    <p class='ocr_par' dir='ltr' id='par_1_3' title="bbox 371 1881 1101 1948">
     <span class='ocr_line' id='line_1_13' title="bbox 371 1881 1101 1948; baseline 0 -1"><span class='ocrx_word' id='word_1_88' title='bbox 371 1881 496 1948; x_wconf 83' lang='lat' dir='ltr'>COOX.</span> <span class='ocrx_word' id='word_1_89' title='bbox 519 1882 605 1947; x_wconf 79' lang='lat' dir='ltr'><strong>Am</strong></span> <span class='ocrx_word' id='word_1_90' title='bbox 619 1897 726 1946; x_wconf 74' lang='lat' dir='ltr'><strong>carri</strong></span> <span class='ocrx_word' id='word_1_91' title='bbox 741 1896 904 1946; x_wconf 76' lang='lat' dir='ltr'><strong>accursus</strong></span> <span class='ocrx_word' id='word_1_92' title='bbox 918 1896 962 1945; x_wconf 85' lang='lat' dir='ltr'><strong>nn</strong></span> <span class='ocrx_word' id='word_1_93' title='bbox 977 1881 1101 1947; x_wconf 81' lang='lat' dir='ltr'><strong>Sanan.</strong></span> 
     </span>
    </p>
   </div>
   <div class='ocr_carea' id='block_1_4' title="bbox 163 2042 1304 2528">
    <p class='ocr_par' dir='ltr' id='par_1_4' title="bbox 163 2042 1304 2528">
     <span class='ocr_line' id='line_1_14' title="bbox 211 2042 1304 2128; baseline 0.003 -20"><span class='ocrx_word' id='word_1_94' title='bbox 211 2044 379 2112; x_wconf 83' lang='lat' dir='ltr'><strong>Universis</strong></span> <span class='ocrx_word' id='word_1_95' title='bbox 400 2047 430 2112; x_wconf 86' lang='lat' dir='ltr'><strong>S.</strong></span> <span class='ocrx_word' id='word_1_96' title='bbox 447 2046 493 2110; x_wconf 92' lang='lat' dir='ltr'><strong>M.</strong></span> <span class='ocrx_word' id='word_1_97' title='bbox 509 2044 595 2109; x_wconf 84' lang='lat' dir='ltr'><strong>Eccl</strong></span> <span class='ocrx_word' id='word_1_98' title='bbox 617 2043 702 2122; x_wconf 87' lang='lat' dir='ltr'><strong>filiis,</strong></span> <span class='ocrx_word' id='word_1_99' title='bbox 718 2042 758 2108; x_wconf 90' lang='lat' dir='ltr'><strong>ad</strong></span> <span class='ocrx_word' id='word_1_100' title='bbox 780 2062 861 2127; x_wconf 90' lang='lat' dir='ltr'><strong>quos</strong></span> <span class='ocrx_word' id='word_1_101' title='bbox 882 2063 929 2127; x_wconf 89' lang='lat' dir='ltr'><strong>pr.</strong></span> <span class='ocrx_word' id='word_1_102' title='bbox 952 2042 1070 2107; x_wconf 84' lang='lat' dir='ltr'><strong>litterae</strong></span> <span class='ocrx_word' id='word_1_103' title='bbox 1091 2046 1304 2128; x_wconf 84' lang='lat' dir='ltr'><strong>pervenerint,</strong></span> 
     </span>
     <span class='ocr_line' id='line_1_15' title="bbox 165 2142 1304 2221; baseline 0.002 -14"><span class='ocrx_word' id='word_1_104' title='bbox 165 2142 244 2208; x_wconf 92' lang='lat' dir='ltr'><strong>D’ni</strong></span> <span class='ocrx_word' id='word_1_105' title='bbox 266 2145 420 2211; x_wconf 89' lang='lat' dir='ltr'><strong>Officialis</strong></span> <span class='ocrx_word' id='word_1_106' title='bbox 445 2145 543 2210; x_wconf 85' lang='lat' dir='ltr'><strong>curiae</strong></span> <span class='ocrx_word' id='word_1_107' title='bbox 563 2143 774 2209; x_wconf 89' lang='lat' dir='ltr'><strong>Eboracensis</strong></span> <span class='ocrx_word' id='word_1_108' title='bbox 789 2142 1003 2208; x_wconf 71' lang='lat' dir='ltr'><strong>comissarius</strong></span> <span class='ocrx_word' id='word_1_109' title='bbox 1029 2142 1206 2221; x_wconf 81' lang='lat' dir='ltr'><strong>Generalis,</strong></span> <span class='ocrx_word' id='word_1_110' title='bbox 1228 2164 1252 2210; x_wconf 88' lang='lat' dir='ltr'><strong>s.</strong></span> <span class='ocrx_word' id='word_1_111' title='bbox 1268 2145 1304 2209; x_wconf 88' lang='lat' dir='ltr'><strong>in</strong></span> 
     </span>
     <span class='ocr_line' id='line_1_16' title="bbox 164 2241 1303 2330; baseline 0.003 -22"><span class='ocrx_word' id='word_1_112' title='bbox 164 2245 306 2310; x_wconf 91' lang='lat' dir='ltr'><strong>Domino</strong></span> <span class='ocrx_word' id='word_1_113' title='bbox 320 2246 557 2330; x_wconf 87' lang='lat' dir='ltr'><strong>sempiternam.</strong></span> <span class='ocrx_word' id='word_1_114' title='bbox 601 2243 738 2309; x_wconf 87' lang='lat' dir='ltr'><strong>Noverit</strong></span> <span class='ocrx_word' id='word_1_115' title='bbox 759 2243 847 2306; x_wconf 93' lang='lat' dir='ltr'><strong>univ.</strong></span> <span class='ocrx_word' id='word_1_116' title='bbox 863 2262 893 2306; x_wconf 92' lang='lat' dir='ltr'><strong>v.</strong></span> <span class='ocrx_word' id='word_1_117' title='bbox 908 2241 996 2325; x_wconf 92' lang='lat' dir='ltr'><strong>quod</strong></span> <span class='ocrx_word' id='word_1_118' title='bbox 1017 2262 1085 2319; x_wconf 90' lang='lat' dir='ltr'><strong>nos,</strong></span> <span class='ocrx_word' id='word_1_119' title='bbox 1101 2242 1137 2306; x_wconf 92' lang='lat' dir='ltr'><strong>in</strong></span> <span class='ocrx_word' id='word_1_120' title='bbox 1152 2264 1249 2309; x_wconf 89' lang='lat' dir='ltr'><strong>causa</strong></span> <span class='ocrx_word' id='word_1_121' title='bbox 1263 2244 1303 2311; x_wconf 91' lang='lat' dir='ltr'><strong>de</strong></span> 
     </span>
     <span class='ocr_line' id='line_1_17' title="bbox 164 2341 1304 2430; baseline 0 -21"><span class='ocrx_word' id='word_1_122' title='bbox 164 2366 237 2430; x_wconf 86' lang='lat' dir='ltr'><strong>quae</strong></span> <span class='ocrx_word' id='word_1_123' title='bbox 251 2346 385 2411; x_wconf 84' lang='lat' dir='ltr'><strong>inferius</strong></span> <span class='ocrx_word' id='word_1_124' title='bbox 399 2350 594 2410; x_wconf 88' lang='lat' dir='ltr'><strong>memoratur</strong></span> <span class='ocrx_word' id='word_1_125' title='bbox 608 2363 714 2408; x_wconf 87' lang='lat' dir='ltr'><strong>coram</strong></span> <span class='ocrx_word' id='word_1_126' title='bbox 734 2343 828 2407; x_wconf 90' lang='lat' dir='ltr'><strong>nobis</strong></span> <span class='ocrx_word' id='word_1_127' title='bbox 842 2341 878 2406; x_wconf 90' lang='lat' dir='ltr'><strong>in</strong></span> <span class='ocrx_word' id='word_1_128' title='bbox 893 2341 981 2407; x_wconf 89' lang='lat' dir='ltr'><strong>dicta</strong></span> <span class='ocrx_word' id='word_1_129' title='bbox 997 2343 1094 2407; x_wconf 80' lang='lat' dir='ltr'><strong>Curia</strong></span> <span class='ocrx_word' id='word_1_130' title='bbox 1108 2343 1203 2408; x_wconf 89' lang='lat' dir='ltr'><strong>Ebor.</strong></span> <span class='ocrx_word' id='word_1_131' title='bbox 1218 2344 1304 2409; x_wconf 90' lang='lat' dir='ltr'><strong>inter</strong></span> 
     </span>
     <span class='ocr_line' id='line_1_18' title="bbox 163 2441 1302 2528; baseline 0.001 -19"><span class='ocrx_word' id='word_1_132' title='bbox 163 2453 270 2528; x_wconf 89' lang='lat' dir='ltr'><strong>partes</strong></span> <span class='ocrx_word' id='word_1_133' title='bbox 285 2445 504 2528; x_wconf 81' lang='lat' dir='ltr'><strong>infrascriptos</strong></span> <span class='ocrx_word' id='word_1_134' title='bbox 515 2464 620 2527; x_wconf 90' lang='lat' dir='ltr'><strong>nuper</strong></span> <span class='ocrx_word' id='word_1_135' title='bbox 634 2449 722 2507; x_wconf 87' lang='lat' dir='ltr'><strong>mota</strong></span> <span class='ocrx_word' id='word_1_136' title='bbox 733 2448 766 2507; x_wconf 90' lang='lat' dir='ltr'><strong>et</strong></span> <span class='ocrx_word' id='word_1_137' title='bbox 780 2442 950 2527; x_wconf 89' lang='lat' dir='ltr'><strong>pendente,</strong></span> <span class='ocrx_word' id='word_1_138' title='bbox 962 2441 1069 2507; x_wconf 90' lang='lat' dir='ltr'><strong>debite</strong></span> <span class='ocrx_word' id='word_1_139' title='bbox 1084 2443 1302 2527; x_wconf 89' lang='lat' dir='ltr'><strong>procedentes,</strong></span> 
     </span>
    </p>
   </div>
   <div class='ocr_carea' id='block_1_5' title="bbox 163 2541 1300 2628">
    <p class='ocr_par' dir='ltr' id='par_1_5' title="bbox 163 2541 1300 2628">
     <span class='ocr_line' id='line_1_19' title="bbox 163 2541 1300 2628; baseline 0.001 -20"><span class='ocrx_word' id='word_1_140' title='bbox 163 2551 277 2628; x_wconf 86' lang='lat' dir='ltr'><strong>quarto</strong></span> <span class='ocrx_word' id='word_1_141' title='bbox 292 2544 345 2611; x_wconf 90' lang='lat' dir='ltr'><strong>die</strong></span> <span class='ocrx_word' id='word_1_142' title='bbox 367 2546 488 2608; x_wconf 85' lang='lat' dir='ltr'><strong>mensis</strong></span> <span class='ocrx_word' id='word_1_143' title='bbox 509 2543 699 2608; x_wconf 88' lang='lat' dir='ltr'><strong>Decembris</strong></span> <span class='ocrx_word' id='word_1_144' title='bbox 714 2542 754 2606; x_wconf 88' lang='lat' dir='ltr'><strong>A.</strong></span> <span class='ocrx_word' id='word_1_145' title='bbox 769 2541 810 2605; x_wconf 93' lang='lat' dir='ltr'><strong>D.</strong></span> <span class='ocrx_word' id='word_1_146' title='bbox 826 2541 998 2606; x_wconf 85' lang='lat' dir='ltr'><strong>millesimo</strong></span> <span class='ocrx_word' id='word_1_147' title='bbox 1015 2542 1084 2627; x_wconf 90' lang='lat'>(92)</span> <span class='ocrx_word' id='word_1_148' title='bbox 1102 2551 1193 2607; x_wconf 82' lang='lat' dir='ltr'><strong>ccc¹¹¹⁰</strong></span> <span class='ocrx_word' id='word_1_149' title='bbox 1215 2551 1300 2609; x_wconf 87' lang='lat' dir='ltr'><strong>octo·</strong></span> 
     </span>
    </p>
   </div>
   <div class='ocr_carea' id='block_1_6' title="bbox 154 2641 1301 4408">
    <p class='ocr_par' dir='ltr' id='par_1_6' title="bbox 154 2641 1301 4408">
     <span class='ocr_line' id='line_1_20' title="bbox 161 2641 1301 2726; baseline 0.002 -18"><span class='ocrx_word' id='word_1_150' title='bbox 161 2644 281 2726; x_wconf 84' lang='lat' dir='ltr'><strong>gesimo</strong></span> <span class='ocrx_word' id='word_1_151' title='bbox 310 2645 416 2722; x_wconf 88' lang='lat' dir='ltr'><strong>tertio,</strong></span> <span class='ocrx_word' id='word_1_152' title='bbox 439 2644 636 2709; x_wconf 87' lang='lat' dir='ltr'><strong>sententiam</strong></span> <span class='ocrx_word' id='word_1_153' title='bbox 663 2641 871 2705; x_wconf 89' lang='lat' dir='ltr'><strong>diffinitivam</strong></span> <span class='ocrx_word' id='word_1_154' title='bbox 900 2642 935 2705; x_wconf 91' lang='lat' dir='ltr'><strong>in</strong></span> <span class='ocrx_word' id='word_1_155' title='bbox 965 2641 1076 2706; x_wconf 89' lang='lat' dir='ltr'><strong>eadem</strong></span> <span class='ocrx_word' id='word_1_156' title='bbox 1106 2642 1301 2726; x_wconf 91' lang='lat' dir='ltr'><strong>protulimus</strong></span> 
     </span>
     <span class='ocr_line' id='line_1_21' title="bbox 161 2739 1301 2818; baseline 0.002 -12"><span class='ocrx_word' id='word_1_157' title='bbox 161 2743 222 2806; x_wconf 91' lang='lat' dir='ltr'><strong>sub</strong></span> <span class='ocrx_word' id='word_1_158' title='bbox 237 2742 297 2806; x_wconf 89' lang='lat' dir='ltr'><strong>hac</strong></span> <span class='ocrx_word' id='word_1_159' title='bbox 313 2743 421 2807; x_wconf 83' lang='lat' dir='ltr'><strong>forma</strong></span> <span class='ocrx_word' id='word_1_160' title='bbox 467 2743 509 2806; x_wconf 90' lang='lat' dir='ltr'><strong>In</strong></span> <span class='ocrx_word' id='word_1_161' title='bbox 531 2742 595 2806; x_wconf 90' lang='lat' dir='ltr'><strong>Dei</strong></span> <span class='ocrx_word' id='word_1_162' title='bbox 616 2741 755 2818; x_wconf 91' lang='lat' dir='ltr'><strong>nomine,</strong></span> <span class='ocrx_word' id='word_1_163' title='bbox 770 2741 887 2804; x_wconf 86' lang='lat' dir='ltr'><strong>Amen.</strong></span> <span class='ocrx_word' id='word_1_164' title='bbox 930 2739 1063 2803; x_wconf 88' lang='lat' dir='ltr'><strong>Auditis</strong></span> <span class='ocrx_word' id='word_1_165' title='bbox 1079 2748 1112 2804; x_wconf 85' lang='lat' dir='ltr'><strong>et</strong></span> <span class='ocrx_word' id='word_1_166' title='bbox 1125 2741 1301 2808; x_wconf 88' lang='lat' dir='ltr'><strong>intellectis</strong></span> 
     </span>
     <span class='ocr_line' id='line_1_22' title="bbox 160 2837 1300 2906; baseline 0.003 -3"><span class='ocrx_word' id='word_1_167' title='bbox 160 2842 284 2906; x_wconf 89' lang='lat' dir='ltr'><strong>meritis</strong></span> <span class='ocrx_word' id='word_1_168' title='bbox 300 2862 403 2905; x_wconf 80' lang='lat' dir='ltr'><strong>causae</strong></span> <span class='ocrx_word' id='word_1_169' title='bbox 418 2841 584 2906; x_wconf 76' lang='lat' dir='ltr'><strong>occasione</strong></span> <span class='ocrx_word' id='word_1_170' title='bbox 598 2861 663 2905; x_wconf 93' lang='lat' dir='ltr'><strong>non</strong></span> <span class='ocrx_word' id='word_1_171' title='bbox 678 2839 848 2904; x_wconf 86' lang='lat' dir='ltr'><strong>solutionis</strong></span> <span class='ocrx_word' id='word_1_172' title='bbox 871 2838 975 2902; x_wconf 91' lang='lat' dir='ltr'><strong>oneris</strong></span> <span class='ocrx_word' id='word_1_173' title='bbox 990 2837 1144 2902; x_wconf 89' lang='lat' dir='ltr'><strong>ordinarii</strong></span> <span class='ocrx_word' id='word_1_174' title='bbox 1157 2839 1300 2906; x_wconf 84' lang='lat' dir='ltr'><strong>ecclesiae</strong></span> 
     </span>
     <span class='ocr_line' id='line_1_23' title="bbox 160 2937 1300 3022; baseline 0.002 -20"><span class='ocrx_word' id='word_1_175' title='bbox 160 2939 352 3022; x_wconf 88' lang='lat' dir='ltr'><strong>parochialis</strong></span> <span class='ocrx_word' id='word_1_176' title='bbox 367 2938 407 3005; x_wconf 93' lang='lat' dir='ltr'><strong>de</strong></span> <span class='ocrx_word' id='word_1_177' title='bbox 423 2940 542 3019; x_wconf 86' lang='lat' dir='ltr'><strong>Semar,</strong></span> <span class='ocrx_word' id='word_1_178' title='bbox 553 2941 647 3005; x_wconf 83' lang='lat' dir='ltr'><strong>Ebor.</strong></span> <span class='ocrx_word' id='word_1_179' title='bbox 663 2939 833 3014; x_wconf 90' lang='lat' dir='ltr'><strong>dioceseos,</strong></span> <span class='ocrx_word' id='word_1_180' title='bbox 844 2943 940 3001; x_wconf 82' lang='lat' dir='ltr'><strong>motae</strong></span> <span class='ocrx_word' id='word_1_181' title='bbox 954 2944 988 3002; x_wconf 92' lang='lat' dir='ltr'><strong>et</strong></span> <span class='ocrx_word' id='word_1_182' title='bbox 1002 2937 1173 3021; x_wconf 85' lang='lat' dir='ltr'><strong>pendentis</strong></span> <span class='ocrx_word' id='word_1_183' title='bbox 1193 2958 1300 3004; x_wconf 87' lang='lat' dir='ltr'><strong>coram</strong></span> 
     </span>
     <span class='ocr_line' id='line_1_24' title="bbox 161 3035 1301 3114; baseline 0.004 -14"><span class='ocrx_word' id='word_1_184' title='bbox 161 3038 264 3114; x_wconf 90' lang='lat' dir='ltr'><strong>nobis,</strong></span> <span class='ocrx_word' id='word_1_185' title='bbox 292 3038 370 3102; x_wconf 88' lang='lat' dir='ltr'><strong>D’ni</strong></span> <span class='ocrx_word' id='word_1_186' title='bbox 395 3038 540 3103; x_wconf 81' lang='lat' dir='ltr'><strong>officialis</strong></span> <span class='ocrx_word' id='word_1_187' title='bbox 564 3038 669 3104; x_wconf 75' lang='lat' dir='ltr'><strong>Curia</strong></span> <span class='ocrx_word' id='word_1_188' title='bbox 693 3039 786 3103; x_wconf 87' lang='lat' dir='ltr'><strong>Ebor.</strong></span> <span class='ocrx_word' id='word_1_189' title='bbox 814 3037 1005 3102; x_wconf 80' lang='lat' dir='ltr'><strong>Comiseario</strong></span> <span class='ocrx_word' id='word_1_190' title='bbox 1032 3035 1190 3114; x_wconf 90' lang='lat' dir='ltr'><strong>Generali,</strong></span> <span class='ocrx_word' id='word_1_191' title='bbox 1215 3038 1301 3104; x_wconf 91' lang='lat' dir='ltr'><strong>inter</strong></span> 
     </span>
     <span class='ocr_line' id='line_1_25' title="bbox 161 3135 1299 3220; baseline 0.002 -19"><span class='ocrx_word' id='word_1_192' title='bbox 161 3137 339 3219; x_wconf 86' lang='lat' dir='ltr'><strong>Religiosos</strong></span> <span class='ocrx_word' id='word_1_193' title='bbox 353 3137 447 3212; x_wconf 89' lang='lat' dir='ltr'><strong>viros,</strong></span> <span class='ocrx_word' id='word_1_194' title='bbox 462 3137 624 3203; x_wconf 84' lang='lat' dir='ltr'><strong>Abbatem</strong></span> <span class='ocrx_word' id='word_1_195' title='bbox 639 3145 672 3202; x_wconf 89' lang='lat' dir='ltr'><strong>et</strong></span> <span class='ocrx_word' id='word_1_196' title='bbox 684 3137 784 3203; x_wconf 83' lang='lat' dir='ltr'><strong>Conv.</strong></span> <span class='ocrx_word' id='word_1_197' title='bbox 800 3136 915 3200; x_wconf 88' lang='lat' dir='ltr'><strong>Mon&#39;ii</strong></span> <span class='ocrx_word' id='word_1_198' title='bbox 929 3135 970 3200; x_wconf 92' lang='lat' dir='ltr'><strong>de</strong></span> <span class='ocrx_word' id='word_1_199' title='bbox 985 3135 1152 3220; x_wconf 88' lang='lat' dir='ltr'><strong>Whiteby,</strong></span> <span class='ocrx_word' id='word_1_200' title='bbox 1167 3136 1299 3204; x_wconf 89' lang='lat' dir='ltr'><strong>Ordinis</strong></span> 
     </span>
     <span class='ocr_line' id='line_1_26' title="bbox 162 3234 1299 3315; baseline 0.004 -17"><span class='ocrx_word' id='word_1_201' title='bbox 162 3236 192 3300; x_wconf 86' lang='lat' dir='ltr'><strong>S.</strong></span> <span class='ocrx_word' id='word_1_202' title='bbox 210 3235 386 3312; x_wconf 89' lang='lat' dir='ltr'><strong>Benedicti,</strong></span> <span class='ocrx_word' id='word_1_203' title='bbox 400 3237 493 3300; x_wconf 77' lang='lat' dir='ltr'><strong>libor.</strong></span> <span class='ocrx_word' id='word_1_204' title='bbox 515 3236 684 3315; x_wconf 88' lang='lat' dir='ltr'><strong>dioceseos,</strong></span> <span class='ocrx_word' id='word_1_205' title='bbox 700 3237 820 3300; x_wconf 89' lang='lat' dir='ltr'><strong>dictam</strong></span> <span class='ocrx_word' id='word_1_206' title='bbox 836 3235 1003 3300; x_wconf 87' lang='lat' dir='ltr'><strong>ecclesiam</strong></span> <span class='ocrx_word' id='word_1_207' title='bbox 1017 3234 1059 3299; x_wconf 94' lang='lat' dir='ltr'><strong>de</strong></span> <span class='ocrx_word' id='word_1_208' title='bbox 1074 3234 1193 3313; x_wconf 85' lang='lat' dir='ltr'><strong>Semar,</strong></span> <span class='ocrx_word' id='word_1_209' title='bbox 1208 3236 1299 3303; x_wconf 89' lang='lat' dir='ltr'><strong>salva</strong></span> 
     </span>
     <span class='ocr_line' id='line_1_27' title="bbox 160 3333 1298 3419; baseline 0.004 -23"><span class='ocrx_word' id='word_1_210' title='bbox 160 3333 306 3416; x_wconf 90' lang='lat' dir='ltr'><strong>portione</strong></span> <span class='ocrx_word' id='word_1_211' title='bbox 334 3335 463 3399; x_wconf 88' lang='lat' dir='ltr'><strong>vicariae</strong></span> <span class='ocrx_word' id='word_1_212' title='bbox 498 3335 535 3398; x_wconf 92' lang='lat' dir='ltr'><strong>in</strong></span> <span class='ocrx_word' id='word_1_213' title='bbox 569 3335 642 3419; x_wconf 89' lang='lat' dir='ltr'><strong>ipsa</strong></span> <span class='ocrx_word' id='word_1_214' title='bbox 677 3335 815 3400; x_wconf 90' lang='lat' dir='ltr'><strong>ecclesia</strong></span> <span class='ocrx_word' id='word_1_215' title='bbox 846 3333 1011 3411; x_wconf 88' lang='lat' dir='ltr'><strong>ordinatae,</strong></span> <span class='ocrx_word' id='word_1_216' title='bbox 1040 3334 1086 3400; x_wconf 91' lang='lat' dir='ltr'><strong>eis</strong></span> <span class='ocrx_word' id='word_1_217' title='bbox 1119 3340 1153 3399; x_wconf 89' lang='lat' dir='ltr'><strong>et</strong></span> <span class='ocrx_word' id='word_1_218' title='bbox 1185 3354 1298 3400; x_wconf 91' lang='lat' dir='ltr'><strong>eorum</strong></span> 
     </span>
     <span class='ocr_line' id='line_1_28' title="bbox 160 3432 1297 3519; baseline 0.004 -24"><span class='ocrx_word' id='word_1_219' title='bbox 160 3432 282 3495; x_wconf 91' lang='lat' dir='ltr'><strong>Mon’io</strong></span> <span class='ocrx_word' id='word_1_220' title='bbox 307 3433 460 3498; x_wconf 88' lang='lat' dir='ltr'><strong>canonice</strong></span> <span class='ocrx_word' id='word_1_221' title='bbox 482 3434 609 3498; x_wconf 88' lang='lat' dir='ltr'><strong>unitam</strong></span> <span class='ocrx_word' id='word_1_222' title='bbox 634 3440 667 3498; x_wconf 89' lang='lat' dir='ltr'><strong>et</strong></span> <span class='ocrx_word' id='word_1_223' title='bbox 692 3454 861 3509; x_wconf 85' lang='lat' dir='ltr'><strong>annexam,</strong></span> <span class='ocrx_word' id='word_1_224' title='bbox 886 3433 922 3496; x_wconf 92' lang='lat' dir='ltr'><strong>in</strong></span> <span class='ocrx_word' id='word_1_225' title='bbox 946 3452 1026 3498; x_wconf 91' lang='lat' dir='ltr'><strong>usus</strong></span> <span class='ocrx_word' id='word_1_226' title='bbox 1052 3453 1126 3498; x_wconf 88' lang='lat' dir='ltr'><strong>suos</strong></span> <span class='ocrx_word' id='word_1_227' title='bbox 1152 3433 1297 3519; x_wconf 88' lang='lat' dir='ltr'><strong>proprios</strong></span> 
     </span>
     <span class='ocr_line' id='line_1_29' title="bbox 159 3531 1295 3618; baseline 0.004 -24"><span class='ocrx_word' id='word_1_228' title='bbox 159 3533 351 3616; x_wconf 88' lang='lat' dir='ltr'><strong>optinentes,</strong></span> <span class='ocrx_word' id='word_1_229' title='bbox 360 3542 483 3617; x_wconf 88' lang='lat' dir='ltr'><strong>partem</strong></span> <span class='ocrx_word' id='word_1_230' title='bbox 494 3534 644 3600; x_wconf 89' lang='lat' dir='ltr'><strong>actricem</strong></span> <span class='ocrx_word' id='word_1_231' title='bbox 653 3554 711 3617; x_wconf 90' lang='lat' dir='ltr'><strong>per</strong></span> <span class='ocrx_word' id='word_1_232' title='bbox 721 3533 914 3618; x_wconf 87' lang='lat' dir='ltr'><strong>Magistrum</strong></span> <span class='ocrx_word' id='word_1_233' title='bbox 924 3533 947 3598; x_wconf 86' lang='lat' dir='ltr'><strong>J</strong></span> <span class='ocrx_word' id='word_1_234' title='bbox 948 3531 1108 3597; x_wconf 85' lang='lat' dir='ltr'><strong>ohannem</strong></span> <span class='ocrx_word' id='word_1_235' title='bbox 1124 3532 1164 3597; x_wconf 91' lang='lat' dir='ltr'><strong>de</strong></span> <span class='ocrx_word' id='word_1_236' title='bbox 1179 3533 1295 3618; x_wconf 83' lang='lat' dir='ltr'><strong>Steyn-</strong></span> 
     </span>
     <span class='ocr_line' id='line_1_30' title="bbox 158 3634 1296 3718; baseline 0.002 -22"><span class='ocrx_word' id='word_1_237' title='bbox 158 3638 224 3710; x_wconf 92' lang='lat' dir='ltr'><strong>ton,</strong></span> <span class='ocrx_word' id='word_1_238' title='bbox 238 3634 405 3711; x_wconf 91' lang='lat' dir='ltr'><strong>seniorem,</strong></span> <span class='ocrx_word' id='word_1_239' title='bbox 427 3634 597 3710; x_wconf 83' lang='lat' dir='ltr'><strong>Clericum,</strong></span> <span class='ocrx_word' id='word_1_240' title='bbox 611 3639 847 3718; x_wconf 85' lang='lat' dir='ltr'><strong>procuratorem</strong></span> <span class='ocrx_word' id='word_1_241' title='bbox 869 3653 974 3709; x_wconf 90' lang='lat' dir='ltr'><strong>suum,</strong></span> <span class='ocrx_word' id='word_1_242' title='bbox 988 3639 1234 3717; x_wconf 87' lang='lat' dir='ltr'><strong>comparentem,</strong></span> <span class='ocrx_word' id='word_1_243' title='bbox 1255 3655 1296 3700; x_wconf 86' lang='lat' dir='ltr'><strong>ex</strong></span> 
     </span>
     <span class='ocr_line' id='line_1_31' title="bbox 156 3731 1295 3815; baseline 0.003 -20"><span class='ocrx_word' id='word_1_244' title='bbox 156 3740 248 3815; x_wconf 86' lang='lat' dir='ltr'><strong>parte</strong></span> <span class='ocrx_word' id='word_1_245' title='bbox 273 3753 339 3796; x_wconf 90' lang='lat' dir='ltr'><strong>una</strong></span> <span class='ocrx_word' id='word_1_246' title='bbox 351 3756 360 3811; x_wconf 92' lang='lat'>;</span> <span class='ocrx_word' id='word_1_247' title='bbox 387 3739 421 3797; x_wconf 90' lang='lat' dir='ltr'><strong>et</strong></span> <span class='ocrx_word' id='word_1_248' title='bbox 447 3733 624 3797; x_wconf 87' lang='lat' dir='ltr'><strong>Robertnm</strong></span> <span class='ocrx_word' id='word_1_249' title='bbox 650 3732 690 3797; x_wconf 91' lang='lat' dir='ltr'><strong>de</strong></span> <span class='ocrx_word' id='word_1_250' title='bbox 720 3731 890 3815; x_wconf 85' lang='lat' dir='ltr'><strong>Segbroke,</strong></span> <span class='ocrx_word' id='word_1_251' title='bbox 915 3740 1107 3815; x_wconf 89' lang='lat' dir='ltr'><strong>perpetuum</strong></span> <span class='ocrx_word' id='word_1_252' title='bbox 1129 3733 1295 3798; x_wconf 87' lang='lat' dir='ltr'><strong>Vicarium</strong></span> 
     </span>
     <span class='ocr_line' id='line_1_32' title="bbox 158 3830 1296 3915; baseline 0.002 -23"><span class='ocrx_word' id='word_1_253' title='bbox 158 3831 252 3894; x_wconf 76' lang='lat' dir='ltr'><strong>dicte</strong></span> <span class='ocrx_word' id='word_1_254' title='bbox 274 3832 416 3897; x_wconf 74' lang='lat' dir='ltr'><strong>ecclesiae</strong></span> <span class='ocrx_word' id='word_1_255' title='bbox 439 3832 479 3895; x_wconf 91' lang='lat' dir='ltr'><strong>de</strong></span> <span class='ocrx_word' id='word_1_256' title='bbox 502 3833 619 3907; x_wconf 87' lang='lat' dir='ltr'><strong>Semar‚</strong></span> <span class='ocrx_word' id='word_1_257' title='bbox 635 3836 760 3914; x_wconf 90' lang='lat' dir='ltr'><strong>partem</strong></span> <span class='ocrx_word' id='word_1_258' title='bbox 784 3851 880 3908; x_wconf 88' lang='lat' dir='ltr'><strong>ream,</strong></span> <span class='ocrx_word' id='word_1_259' title='bbox 896 3831 1000 3915; x_wconf 89' lang='lat' dir='ltr'><strong>primo</strong></span> <span class='ocrx_word' id='word_1_260' title='bbox 1021 3851 1079 3915; x_wconf 90' lang='lat' dir='ltr'><strong>per</strong></span> <span class='ocrx_word' id='word_1_261' title='bbox 1092 3830 1296 3895; x_wconf 89' lang='lat' dir='ltr'><strong>Willclmum</strong></span> 
     </span>
     <span class='ocr_line' id='line_1_33' title="bbox 158 3929 1296 4014; baseline 0 -23"><span class='ocrx_word' id='word_1_262' title='bbox 158 3929 358 4007; x_wconf 84' lang='lat' dir='ltr'><strong>Killerwike,</strong></span> <span class='ocrx_word' id='word_1_263' title='bbox 369 3936 402 3993; x_wconf 89' lang='lat' dir='ltr'><strong>et</strong></span> <span class='ocrx_word' id='word_1_264' title='bbox 416 3936 526 4012; x_wconf 86' lang='lat' dir='ltr'><strong>postea</strong></span> <span class='ocrx_word' id='word_1_265' title='bbox 541 3952 597 4014; x_wconf 88' lang='lat' dir='ltr'><strong>per</strong></span> <span class='ocrx_word' id='word_1_266' title='bbox 608 3931 729 3994; x_wconf 90' lang='lat' dir='ltr'><strong>M&#39;rnm</strong></span> <span class='ocrx_word' id='word_1_267' title='bbox 744 3930 767 3995; x_wconf 85' lang='lat' dir='ltr'><strong>J</strong></span> <span class='ocrx_word' id='word_1_268' title='bbox 768 3929 929 3994; x_wconf 89' lang='lat' dir='ltr'><strong>ohannem</strong></span> <span class='ocrx_word' id='word_1_269' title='bbox 944 3930 1114 4013; x_wconf 88' lang='lat' dir='ltr'><strong>Steynton,</strong></span> <span class='ocrx_word' id='word_1_270' title='bbox 1124 3929 1296 4011; x_wconf 87' lang='lat' dir='ltr'><strong>juniorem,</strong></span> 
     </span>
     <span class='ocr_line' id='line_1_34' title="bbox 157 4026 1296 4112; baseline -0.002 -19"><span class='ocrx_word' id='word_1_271' title='bbox 157 4027 305 4106; x_wconf 87' lang='lat' dir='ltr'><strong>Clericos‚</strong></span> <span class='ocrx_word' id='word_1_272' title='bbox 315 4034 533 4111; x_wconf 86' lang='lat' dir='ltr'><strong>procuratores</strong></span> <span class='ocrx_word' id='word_1_273' title='bbox 549 4049 632 4106; x_wconf 90' lang='lat' dir='ltr'><strong>suos,</strong></span> <span class='ocrx_word' id='word_1_274' title='bbox 641 4037 887 4112; x_wconf 80' lang='lat' dir='ltr'><strong>comparentem,</strong></span> <span class='ocrx_word' id='word_1_275' title='bbox 896 4050 936 4092; x_wconf 84' lang='lat' dir='ltr'><strong>ex</strong></span> <span class='ocrx_word' id='word_1_276' title='bbox 950 4035 1041 4110; x_wconf 85' lang='lat' dir='ltr'><strong>parte</strong></span> <span class='ocrx_word' id='word_1_277' title='bbox 1056 4026 1174 4105; x_wconf 80' lang='lat' dir='ltr'><strong>altera3</strong></span> <span class='ocrx_word' id='word_1_278' title='bbox 1188 4026 1296 4091; x_wconf 90' lang='lat' dir='ltr'><strong>oblato</strong></span> 
     </span>
     <span class='ocr_line' id='line_1_35' title="bbox 155 4126 1296 4211; baseline -0.001 -22"><span class='ocrx_word' id='word_1_279' title='bbox 155 4127 249 4191; x_wconf 91' lang='lat' dir='ltr'><strong>nobis</strong></span> <span class='ocrx_word' id='word_1_280' title='bbox 265 4135 298 4192; x_wconf 91' lang='lat' dir='ltr'><strong>et</strong></span> <span class='ocrx_word' id='word_1_281' title='bbox 313 4127 407 4191; x_wconf 88' lang='lat' dir='ltr'><strong>dictae</strong></span> <span class='ocrx_word' id='word_1_282' title='bbox 429 4127 514 4210; x_wconf 87' lang='lat' dir='ltr'><strong>parti</strong></span> <span class='ocrx_word' id='word_1_283' title='bbox 534 4147 596 4191; x_wconf 87' lang='lat' dir='ltr'><strong>reae</strong></span> <span class='ocrx_word' id='word_1_284' title='bbox 610 4127 721 4193; x_wconf 85' lang='lat' dir='ltr'><strong>libello</strong></span> <span class='ocrx_word' id='word_1_285' title='bbox 744 4129 836 4211; x_wconf 86' lang='lat' dir='ltr'><strong>cujus</strong></span> <span class='ocrx_word' id='word_1_286' title='bbox 858 4134 952 4191; x_wconf 89' lang='lat' dir='ltr'><strong>tenor</strong></span> <span class='ocrx_word' id='word_1_287' title='bbox 973 4126 1048 4190; x_wconf 89' lang='lat' dir='ltr'><strong>talis</strong></span> <span class='ocrx_word' id='word_1_288' title='bbox 1063 4126 1216 4189; x_wconf 77' lang='lat' dir='ltr'><strong>estz—In</strong></span> <span class='ocrx_word' id='word_1_289' title='bbox 1230 4126 1296 4189; x_wconf 91' lang='lat' dir='ltr'><strong>Dei</strong></span> 
     </span>
     <span class='ocr_line' id='line_1_36' title="bbox 155 4222 1295 4305; baseline -0.001 -15"><span class='ocrx_word' id='word_1_290' title='bbox 155 4228 294 4305; x_wconf 85' lang='lat' dir='ltr'><strong>nomine,</strong></span> <span class='ocrx_word' id='word_1_291' title='bbox 316 4227 431 4291; x_wconf 88' lang='lat' dir='ltr'><strong>Arnen.</strong></span> <span class='ocrx_word' id='word_1_292' title='bbox 477 4225 592 4290; x_wconf 84' lang='lat' dir='ltr'><strong>Coram</strong></span> <span class='ocrx_word' id='word_1_293' title='bbox 607 4228 708 4304; x_wconf 91' lang='lat' dir='ltr'><strong>vobis,</strong></span> <span class='ocrx_word' id='word_1_294' title='bbox 723 4227 865 4291; x_wconf 90' lang='lat' dir='ltr'><strong>Domino</strong></span> <span class='ocrx_word' id='word_1_295' title='bbox 887 4223 1016 4290; x_wconf 87' lang='lat' dir='ltr'><strong>officiali</strong></span> <span class='ocrx_word' id='word_1_296' title='bbox 1038 4222 1134 4288; x_wconf 87' lang='lat' dir='ltr'><strong>curiae</strong></span> <span class='ocrx_word' id='word_1_297' title='bbox 1153 4224 1295 4303; x_wconf 90' lang='lat' dir='ltr'><strong>Eborac&#39;,</strong></span> 
     </span>
     <span class='ocr_line' id='line_1_37' title="bbox 154 4323 1295 4408; baseline -0.002 -17"><span class='ocrx_word' id='word_1_298' title='bbox 154 4332 302 4393; x_wconf 87' lang='lat' dir='ltr'><strong>vestrove</strong></span> <span class='ocrx_word' id='word_1_299' title='bbox 344 4326 535 4392; x_wconf 87' lang='lat' dir='ltr'><strong>Comissario</strong></span> <span class='ocrx_word' id='word_1_300' title='bbox 573 4327 731 4403; x_wconf 82' lang='lat' dir='ltr'><strong>Generali,</strong></span> <span class='ocrx_word' id='word_1_301' title='bbox 768 4327 849 4390; x_wconf 91' lang='lat' dir='ltr'><strong>dicit</strong></span> <span class='ocrx_word' id='word_1_302' title='bbox 885 4329 917 4391; x_wconf 89' lang='lat' dir='ltr'><strong>et</strong></span> <span class='ocrx_word' id='word_1_303' title='bbox 957 4325 993 4389; x_wconf 92' lang='lat' dir='ltr'><strong>in</strong></span> <span class='ocrx_word' id='word_1_304' title='bbox 1031 4323 1104 4408; x_wconf 86' lang='lat' dir='ltr'><strong>jure</strong></span> <span class='ocrx_word' id='word_1_305' title='bbox 1145 4324 1295 4407; x_wconf 89' lang='lat' dir='ltr'><strong>proponit</strong></span> 
     </span>
    </p>
   </div>
   <div class='ocr_carea' id='block_1_7' title="bbox 650 4451 796 4504">
    <p class='ocr_par' dir='ltr' id='par_1_7' title="bbox 650 4451 796 4504">
     <span class='ocr_line' id='line_1_38' title="bbox 650 4451 796 4504; baseline -0.007 1"><span class='ocrx_word' id='word_1_306' title='bbox 650 4451 660 4486; x_wconf 90' lang='lat'>¹</span> <span class='ocrx_word' id='word_1_307' title='bbox 678 4452 796 4504; x_wconf 74' lang='lat' dir='ltr'><strong>andland.</strong></span> 
     </span>
    </p>
   </div>
   <div class='ocr_carea' id='block_1_8' title="bbox 0 0 1462 4986">
    <p class='ocr_par' dir='ltr' id='par_1_8' title="bbox 0 0 1462 4986">
     <span class='ocr_line' id='line_1_39' title="bbox 0 0 1462 4986; baseline 0 5"><span class='ocrx_word' id='word_1_308' title='bbox 0 0 1462 4986; x_wconf 95' lang='lat' dir='ltr'><strong> </strong></span> 
     </span>
    </p>
   </div>
  </div>
 </body>
</html>
