2916 4986
279 523 549 578 CARTUIARIUM
567 524 769 576 ABBA'I'HIAE
787 525 837 576 DE
854 523 1041 575 WHITEBY.
1187 513 1226 570 23

89 686 249 772 Whiteby
260 689 517 772 pertinentibus;
537 696 673 772 excepta
688 689 827 772 quadam
843 688 1006 752 claustura
1020 708 1093 771 quae
1108 687 1227 751 dicitur
1238 699 1326 817 eflxcept
1334 696 1377 744 the

88 786 145 850 “le
167 787 366 872 Haygarthss'
388 808 461 871 quae
485 808 544 872 per
564 795 629 852 tres
653 808 755 852 annos
778 809 798 851 a
818 788 901 852 festo
923 787 1035 852 Sancti
1056 758 1294 849 MichaelisHay

87 887 236 970 proximo
258 888 309 951 fut
295 894 367 951 turo
389 894 467 951 tunc
489 887 698 951 remanebit'
689 907 724 949 ιιι
742 886 1102 960 defenso-Habendos,
1117 905 1227 948 omnes

88 991 121 1049 et
147 986 291 1070 singulas
316 987 495 1050 clausturas
520 986 690 1070 praedictas
718 986 885 1069 separales,
908 987 972 1050 et
962 1008 997 1049 ιιι
1023 984 1174 1068 separalit
1175 990 1226 1048 ata

90 1085 317 1170 tenendas,'(5)
327 1085 433 1149 eidem
444 1085 567 1149 Abbati
579 1091 612 1150 et
622 1085 807 1150 Conventui
816 1090 850 1148 et
858 1106 941 1149 succ.
952 1086 1028 1162 suis,
1037 1085 1091 1149 lib.
1104 1085 1226 1167 integre

88 1190 120 1247 et
144 1185 211 1267 qui.
233 1186 491 1268 imperpetuum:
512 1185 561 1249 ita
582 1184 669 1268 quod
691 1205 752 1249 nec
774 1204 833 1268 ego
852 1184 1048 1262 Willelmus,
1070 1205 1129 1247 nec
1151 1183 1226 1246 haer.

88 1283 164 1360 mei,
178 1303 238 1347 nec
252 1283 371 1368 aliquis
391 1304 451 1368 per
470 1304 530 1348 nos
551 1304 611 1348 nee
634 1284 765 1348 nomine
788 1290 908 1361 nostro,
923 1284 1047 1367 aliquid
1070 1284 1152 1367 juris
1175 1283 1229 1346 vel

89 1381 200 1445 clsmii
213 1383 249 1446 in
264 1382 427 1467 aliquibus
441 1383 536 1467 praed.
553 1383 734 1460 clausturis,
748 1385 874 1447 ratione
890 1385 1070 1448 communis
1089 1390 1228 1467 pasturae

88 1480 131 1544 sd
156 1481 295 1546 liberum
319 1488 543 1547 tenementum
569 1503 679 1546 meum
704 1483 741 1545 in
768 1482 997 1566 Ugylbardby¹
1026 1482 1228 1566 pertinentia,

88 1598 147 1643 seu
168 1601 226 1664 per
248 1581 337 1645 aliud
366 1581 504 1665 speciale
526 1580 650 1644 factum
676 1581 778 1645 michi
803 1581 929 1658 debitae,
949 1587 1083 1664 excepto
1109 1581 1144 1643 in
1170 1580 1227 1643 “le

88 1679 287 1764 Haygarth,''
308 1687 383 1765 post
403 1681 533 1765 lapsum
553 1680 708 1765 temporis
730 1680 885 1764 praedieti,
902 1681 941 1744 de
964 1686 1077 1744 caetero
1100 1680 1227 1763 exigere

87 1780 275 1862 poterimus,
290 1780 344 1844 vel
364 1781 401 1844 in
421 1787 587 1864 posterum
602 1781 790 1845 vendicare:
813 1786 863 1844 set
877 1801 928 1844 me
944 1787 977 1844 et
991 1780 1065 1844 haer.
1080 1800 1168 1844 meos
1188 1778 1228 1842 ab

87 1879 179 1941 omni
196 1880 269 1963 jure
284 1879 544 1944 communicandi
559 1880 594 1943 in
610 1879 732 1943 eisdem
746 1880 985 1964 imperpetuum
1000 1880 1066 1944 lore
1081 1880 1228 1944 exclusos

87 1977 193 2042 fateor
208 2000 268 2062 per
288 1984 482 2063 praesentes:
504 1979 603 2044 salvis
618 1979 719 2043 michi
736 1984 769 2043 et
790 1979 864 2043 haer.
881 1980 961 2044 meis
983 1979 1229 2044 rationabilibus

88 2079 267 2155 estuveriis,
288 2087 408 2157 tamen,
429 2080 465 2142 in
487 2079 661 2143 clausturis
684 2079 724 2143 de
750 2079 893 2144 Eskedal
922 2087 955 2144 et
983 2078 1116 2143 Ybum²
1141 2079 1227 2163 capi-

88 2177 192 2255 endis,
205 2184 302 2262 prout
319 2179 355 2242 in
370 2179 511 2262 quodam
533 2179 653 2261 scripto
675 2178 751 2243 inde
774 2180 1027 2244 antecessoribus
1050 2180 1130 2243 meis
1152 2199 1227 2242 con-

87 2277 175 2341 fecto
196 2278 325 2361 planius
336 2279 537 2343 continetur:
553 2279 626 2361 jure
641 2298 717 2342 vero
732 2279 992 2342 communicandi
1006 2280 1041 2342 in
1057 2279 1229 2343 clausturis

89 2375 131 2441 de
152 2377 296 2442 Eskedal
318 2386 352 2442 et
372 2376 505 2442 Yburn⁸
527 2378 581 2442 die
604 2379 814 2462 praesentium
837 2379 1046 2443 confectionis
1068 2379 1171 2456 lactis,
1191 2399 1229 2442 ea

89 2477 257 2540 occasione
271 2483 309 2541 ut
322 2477 438 2542 boscus
451 2498 510 2561 per
521 2477 624 2541 dictos
637 2477 796 2542 Abbatem
812 2483 845 2542 et
858 2478 956 2542 Conv.
969 2479 1111 2542 succisus
1126 2478 1229 2561 possit

89 2575 282 2640 recrescere⁴
295 2583 439 2661 tempore
454 2577 587 2641 triennii
602 2597 621 2640 a
636 2577 688 2640 die
703 2577 891 2641 succisionis
902 2578 1044 2642 vicissim
1061 2576 1219 2659 completo

90 2674 192 2739 michi
213 2682 247 2738 et
267 2676 343 2741 haer.
357 2676 439 2741 meis
460 2677 595 2740 minime
616 2677 780 2760 praecluso.
826 2678 867 2740 In
882 2679 974 2760 cujus
996 2678 1043 2741 rei
1058 2683 1128 2741 test.
1145 2677 1229 2759 parti

90 2774 258 2857 praesentis
284 2775 396 2859 scripti
422 2775 625 2860 cyrograffati
650 2797 749 2859 penes
772 2776 874 2840 dictos
899 2777 1062 2841 Abbatcm
1086 2782 1119 2840 et
1145 2777 1229 2840 Con-

90 2879 227 2936 ventum
247 2874 427 2937 remanenti
450 2875 506 2957 sig.
522 2894 631 2937 meum
646 2874 791 2957 apposui,
806 2875 907 2938 altera
921 2896 996 2939 vero
1018 2880 1108 2958 parte
1123 2874 1229 2956 sigillo

91 2973 266 3036 eorundem
279 2973 418 3037 Abbatis
441 2980 474 3038 et
495 2973 592 3037 Oonv.
610 2975 803 3057 consignata.
850 2975 924 3038 Hiis
940 2975 1083 3037 testibus
1129 2973 1228 3034 Alex-

91 3070 208 3134 andro‘
229 3072 269 3137 de
292 3072 401 3154 Pemy,
423 3079 457 3136 et
482 3073 621 3136 Roberto
643 3073 825 3151 Acklome,⁶
845 3072 1028 3135 militibus.⁷
1072 3072 1167 3134 Petro
1190 3071 1229 3134 de

92 3170 264 3253 Lyneolne.
322 3172 502 3235 Willielmo
532 3171 572 3235 de
600 3172 688 3236 Aula
725 3172 764 3236 de
794 3171 959 3254 Whiteby.
1019 3171 1158 3233 Roberto
1189 3170 1229 3233 de

91 3267 214 3333 Everle.
272 3271 296 3335 J
298 3269 424 3334 ohanne
462 3271 566 3354 Lepiz.
627 3271 778 3335 Johanne
810 3272 849 3334 (16
880 3269 1055 3353 Wykham‚
1085 3276 1118 3333 et
1148 3268 1227 3333 aliis.

91 3367 216 3439 Datum
238 3370 325 3453 apud
348 3371 513 3455 Whiteby,
541 3371 706 3434 tricesimo
729 3372 781 3435 (116
803 3371 956 3455 Augusti,
979 3392 1063 3434 anno
1085 3391 1127 3454 gr.
1155 3370 1233 3432 mil·

92 3466 217 3546 lesimo,
232 3470 467 3548 trecentesimo,
481 3470 660 3534 undecimo.

180 3705 273 3771 xxi.
298 3707 357 3792 [u.
375 3708 440 3792 (6]

136 3855 297 3921 Omnibus
318 3856 379 3921 hoc
402 3878 460 3922 scr·
476 3878 596 3941 cyrogr.
622 3857 681 3920 vis.
704 3857 759 3920 vel
780 3856 862 3933 aud,
876 3857 1071 3935 willelmus,
1086 3859 1172 3921 filius
1195 3865 1228 3921 et

92 3952 194 4019 haeres
223 3955 384 4020 Willelmi
413 3958 453 4022 de
483 3957 600 4021 Everle
631 3956 670 4021 de
699 3956 898 4040 Ugylbardy,
928 3956 984 4020 sal.
1014 3958 1049 4018 in
1079 3957 1228 4018 Domino.

92 4051 257 4118 Noveritis
279 4076 330 4120 me
353 4077 440 4121 conc.
462 4057 567 4120 remis.
590 4061 624 4120 et
646 4076 729 4119 omn.
753 4055 792 4118 de
819 4076 870 4117 me
892 4055 966 4117 haer.
991 4055 1071 4117 meis
1093 4056 1226 4136 imperp.

94 4171 147 4235 qu.
163 4152 316 4219 clamasse
331 4155 433 4232 D’no.,
449 4161 521 4231 ete,
535 4175 570 4218 as
585 4155 620 4217 in
632 4154 689 4218 the
703 4154 774 4217 last.

130 4313 140 4348 ¹
159 4316 195 4367 Μ.
208 4317 386 4383 Vgelburdby.
504 4315 515 4349 ²
532 4318 569 4368 M.
583 4316 731 4368 Eschedale
743 4320 770 4366 61
782 4315 901 4367 Yburne.
1010 4313 1020 4345 ³
1039 4314 1094 4363 The
1106 4332 1184 4366 some.

131 4395 142 4429 ⁴
159 4415 298 4451 recrescere.
502 4397 514 4432 ⁶
531 4401 568 4451 M.
583 4401 696 4451 Domino
709 4399 867 4460 Alexandro,
882 4405 930 4449 etc.
1012 4396 1023 4429 θ
1041 4398 1077 4448 Μ.
1092 4400 1226 4451 Ackelom.

131 4476 142 4512 ¹
160 4481 196 4533 u.
212 4488 228 4511 ‘⁶
237 4487 265 4534 et
277 4483 355 4535 aliis‘'
366 4503 374 4546 ;
391 4501 426 4536 no
439 4485 516 4536 other
528 4484 666 4536 witnesscs
678 4482 758 4548 being
770 4482 901 4547 specified,
