2916 4986
301 566 571 619 clssrULARIUM
590 566 793 620 esserum
810 568 860 620 nn
878 567 1065 621 wmrner.
1185 559 1244 617 301
1296 526 1298 531 ⁵

113 750 187 794 cum
201 731 304 797 orofto
318 731 354 795 in
368 732 449 796 villa
464 732 504 796 de
519 731 699 816 Batersby‚¹
715 732 773 816 qui
783 732 871 816 jacet
881 733 978 816 juxta
992 734 1085 798 t'ram
1100 733 1251 799 Nicholai

112 830 152 894 de
166 830 264 907 Aton‚
279 851 390 895 versus
409 831 575 908 orientem,
589 831 718 895 tenend
734 837 768 894 et
789 831 862 895 hab.
878 831 1026 896 danobis
1048 830 1249 896 haereditarie

114 928 332 993 -Reddendo
354 928 449 994 nobis
463 929 633 993 annuatim
655 929 766 993 decem
780 937 814 993 et
835 936 908 993 octo
930 929 1002 995 den.
1017 930 1059 994 ad
1082 929 1164 995 duos
1186 936 1249 994 ter-

111 1028 329 1093 minos-scil.
343 1027 427 1092 med.
440 1028 482 1092 ad
492 1029 584 1093 Pent
597 1034 630 1092 et
638 1027 721 1093 med.
732 1027 774 1091 ad
789 1027 810 1092 f.
826 1028 856 1093 S.
869 1028 1004 1092 Martini
1021 1029 1057 1092 in
1071 1049 1172 1114 yeme.
1207 1029 1249 1092 Iu

111 1127 209 1211 hujus
218 1129 266 1193 rei
274 1128 498 1193 testimonium
507 1148 553 1211 pr.
563 1127 682 1211 scripto
692 1127 748 1211 sig.
761 1126 906 1210 Capituli
918 1127 1020 1193 nostri
1031 1129 1249 1213 apposuimus

112 1227 187 1291 Hiis
203 1227 349 1292 testibus.
393 1227 525 1311 Rogero,
539 1226 670 1291 Vicario
692 1226 732 1290 de
747 1225 904 1310 Kirkeby.
948 1226 1093 1292 Waltero
1116 1228 1249 1294 Clerico.

111 1326 207 1391 Petro
222 1326 263 1391 de
276 1326 394 1391 Atona
439 1325 598 1391 Nicholao
614 1324 813 1406 Marchand3
834 1333 867 1390 et
881 1325 961 1390 aliis.

488 1562 638 1628 CCCLX
661 1564 749 1627 Aut
764 1579 878 1629 osum.

154 1701 177 1765 J
179 1699 344 1777 ohannes,²
365 1699 406 1765 D.
422 1700 461 1765 G.
477 1700 589 1764 Abbas
611 1701 652 1766 de
666 1700 831 1785 Whiteby,
849 1705 882 1766 et
903 1700 1048 1785 ejusdem
1069 1701 1133 1767 loci
1148 1699 1248 1767 Cous.

111 1800 262 1864 omnibus
288 1799 347 1864 has
376 1798 502 1865 litteras
530 1799 590 1864 vis.
616 1799 670 1864 vel
699 1798 781 1877 aud,
803 1820 827 1865 s.
858 1805 1011 1865 aeternam
1036 1800 1073 1864 in
1097 1801 1248 1866 Domino.

112 1900 248 1964 Noverit
262 1900 351 1964 univ.
368 1920 396 1963 v.
412 1919 471 1963 nos
492 1899 596 1964 teneri
609 1898 817 1963 warantizare
839 1899 963 1982 Rogero
984 1899 1024 1964 de
1048 1900 1198 1984 Hyrtona
1215 1908 1249 1966 et

111 1999 185 2063 haer.
197 1999 264 2063 suis
273 2017 384 2062 omnes
398 1999 473 2062 t’ras
488 2018 569 2082 quas
581 1997 687 2061 tenuit
697 1996 738 2062 de
747 1996 878 2061 Andrea
889 1997 929 2062 de
941 1998 1196 2084 Haukesgerthe,
1208 2000 1248 2065 de

111 2096 232 2181 quibus
245 2097 339 2161 terris
353 2095 439 2162 idem
454 2095 599 2160 Andreas
621 2095 715 2160 nobis
729 2094 915 2181 homagium
929 2103 963 2161 et
980 2097 1148 2162 servitium
1163 2099 1247 2182 ejus-

111 2197 185 2261 dem
200 2195 315 2281 Rogeri
330 2203 364 2261 et
378 2196 453 2260 haer.
469 2215 601 2260 suorum
615 2194 706 2260 dedit
716 2215 774 2279 per
788 2202 907 2260 cartam
920 2216 1021 2274 suam,
1032 2197 1130 2262 sicuti
1141 2196 1248 2263 dictus

110 2295 257 2359 Andreas
282 2300 317 2360 et
344 2294 419 2358 haer.
446 2294 498 2359 sui
527 2295 615 2358 dicto
639 2295 763 2377 Rogero
788 2301 822 2358 ot
844 2293 917 2360 haer.
945 2295 1012 2360 suis
1041 2297 1247 2362 warantizare

110 2393 249 2472 deberet,
263 2393 443 2460 secundum
457 2400 602 2458 tenorem
617 2399 778 2458 cartarum
792 2413 873 2478 quas
888 2393 976 2459 idem
991 2395 1134 2479 Rogems
1149 2395 1248 2462 hebet

110 2495 149 2559 de
175 2494 262 2559 dioto
284 2493 416 2558 Andrea
441 2497 473 2557 et
500 2492 754 2557 antecessoribus
780 2493 856 2558 suis
902 2494 1126 2560 Concessimus
1149 2497 1247 2560 etiem

109 2593 195 2657 dicto
210 2593 334 2677 Rogero
349 2598 382 2656 et
397 2590 472 2655 haer.
488 2591 556 2656 suis
578 2598 617 2655 ut
631 2611 742 2656 omnes
760 2591 862 2655 dictas
877 2592 954 2656 t'ras
975 2592 1014 2656 de
1029 2592 1123 2658 nobis
1137 2602 1248 2660 teneat

109 2692 188 2757 adeo
203 2692 301 2755 libere
317 2697 350 2756 st
365 2690 474 2775 quiete
486 2689 584 2755 sicuti
599 2710 653 2755 eas
668 2709 813 2773 unquam
824 2688 864 2754 de
875 2689 962 2754 dioto
973 2690 1104 2755 Andrea
1114 2692 1248 2758 liberine

108 2791 224 2866 tenuit,
238 2789 292 2853 vel
306 2789 346 2853 de
368 2789 622 2854 antecessoribus
637 2789 715 2866 suis,
729 2795 763 2853 et
777 2807 835 2872 per
855 2787 942 2852 idem
958 2789 1135 2868 servitium,
1151 2797 1248 2874 prout

108 2895 205 2953 cartae
219 2909 286 2953 suec
300 2892 469 2952 testantur.
514 2887 730 2953 concedimus
745 2887 844 2952 etiam
859 2885 964 2952 eidem
979 2887 1102 2972 Regem
1124 2895 1157 2953 et
1171 2890 1246 2956 haer.

110 2988 177 3050 suis
193 2986 312 3050 molere
334 2985 468 3050 bladum
490 3006 585 3051 suum
607 2986 792 3070 ubicunque
808 2985 853 3050 eis
875 2984 1041 3069 placuerit.
1091 2987 1133 3051 In
1154 2988 1248 3072 cujus

108 3087 153 3150 rei
164 3091 235 3150 test.
245 3085 302 3170 sig.
312 3084 457 3170 Capituli
465 3086 568 3150 nostri
578 3085 796 3170 apposuimus.
833 3085 909 3150 Hiis
918 3085 1074 3151 Testibus.
1105 3086 1247 3152 Domino

109 3187 247 3250 Roberto
269 3182 471 3271 1[n]geram.⁸
512 3185 598 3250 D’no
620 3185 789 3250 Willelmo
810 3184 851 3249 de
872 3184 1018 3269 Everley.
1063 3185 1185 3249 Thema
1206 3186 1247 3251 de

109 3284 363 3369 Haukesgarthe.
410 3284 576 3369 Rio[ardo]
589 3284 630 3349 de
644 3284 789 3368 Filynge,
798 3291 876 3348 tuno
886 3282 1046 3368 tempore⁴
1055 3284 1246 3352 Senescallo.

110 3383 263 3448 Richero⁵
288 3384 356 3448 filio
381 3404 448 3449 suo.
502 3382 653 3448 Johanne
680 3383 771 3468 (120)
799 3382 838 3446 de
865 3381 1031 3448 Newham.
1084 3383 1179 3448 Petro
1205 3384 1246 3450 de

108 3483 206 3548 Aton.
265 3484 396 3549 Andrea
417 3483 457 3549 de
478 3481 637 3567 Duneley.
682 3480 840 3546 Nicholao
863 3482 1036 3566 Wybarne‚
1057 3488 1137 3548 tunc
1159 3484 1246 3550 Prae-

109 3583 215 3664 posito
236 3582 276 3648 de
291 3582 456 3668 Whiteby.
501 3582 642 3668 Symone
663 3581 818 3647 Jenitora.
862 3581 1001 3648 Roberto
1023 3582 1064 3648 de
1078 3583 1191 3664 Iithe3
1211 3590 1245 3648 et

107 3680 188 3745 aliis.

144 3853 154 3887 ¹
172 3854 221 3906 Sec
233 3855 286 3906 last
297 3860 351 3906 two
364 3855 452 3907 decds

144 3936 156 3970 ²
174 3938 307 4005 Probably
318 3938 365 3989 the
377 3938 472 3989 second
486 3937 578 3988 Abbot
590 3936 618 3987 of
630 3935 677 3988 the
689 3952 774 3999 name,
787 3936 860 3989 John
872 3938 905 3989 de
917 3938 1089 4005 Stsyngrave.

143 4017 154 4052 ³
173 4019 273 4071 Robert
285 4020 401 4087 ingram,
414 4019 440 4070 in
456 4021 532 4080 1255,
545 4018 672 4070 obtained
689 4019 795 4070 cherter
806 4019 835 4070 ol
851 4019 906 4070 free
920 4036 1022 4071 warren
1036 4026 1055 4049 ‘⁸
1064 4020 1090 4070 in
1104 4037 1174 4072 omn.
1186 4019 1245 4072 t'ris

107 4103 162 4154 suis
183 4103 217 4153 de
237 4103 389 4164 Heslsrton,
410 4102 477 4153 Dela
497 4106 526 4152 et
546 4101 711 4153 Erneolire.’'
747 4102 832 4152 There
857 4119 919 4163 was,
938 4102 1069 4163 however,
1093 4119 1128 4154 un
1151 4104 1246 4155 earlier

107 4185 215 4247 Robert,
229 4202 245 4235 a
262 4190 445 4250 cotemporury
457 4185 485 4235 ol
502 4186 583 4236 Peter
600 4184 633 4236 de
645 4184 722 4247 Brus,
735 4183 825 4235 whose
842 4201 919 4235 name
931 4201 1041 4252 appears
1053 4201 1083 4236 as
1095 4187 1204 4238 witness
1216 4195 1246 4239 to

107 4286 180 4320 some
193 4269 273 4320 deeds
285 4268 313 4318 in
326 4268 372 4320 the
384 4267 525 4333 Gysburue
538 4267 697 4333 chartulary,
713 4266 766 4318 end
777 4266 925 4322 elsewhere.

143 4351 153 4385 ⁴

142 4433 153 4468 ⁵
171 4353 249 4486 ihm
267 4434 323 4486 this
346 4434 368 4484 it
392 4433 414 4484 is
431 4436 560 4500 spuerent
576 4432 640 4484 that
656 4432 732 4484 there
751 4449 819 4483 were
837 4438 892 4485 two
911 4433 1021 4485 Richers
1034 4433 1067 4485 de
1081 4434 1184 4502 Fyliug,
1197 4435 1243 4486 the

108 4519 204 4569 second
218 4517 313 4569 named
326 4517 395 4568 alter
408 4516 449 4566 his
461 4515 641 4582 grandfather.
