2916 4986
366 523 639 577 CARTULARIUM
656 522 861 575 ABBATHIAE
879 523 929 574 DE
946 523 1131 575 WHITEBY.
1243 513 1305 573 283

168 687 292 752 tionem
307 708 364 752 seu
379 687 575 752 sententiam
589 686 761 750 diffinitive
783 706 979 763 revocamus,
993 707 1167 763 cassamus,
1182 694 1215 753 et
1236 688 1306 752 irri-

168 792 286 864 tamus,
301 786 481 852 revocando
504 786 540 849 in
554 785 684 849 irritum
706 792 740 849 et
762 785 858 849 inane
874 785 1029 868 quiequid
1052 805 1092 849 ex
1108 807 1146 850 ea
1160 795 1307 851 secutum

169 892 227 964 est,
242 887 296 951 vel
318 887 359 951 ob
381 907 453 951 eam
474 886 584 950 lanam
605 892 639 949 et
661 904 759 968 agnos
781 884 823 948 ad
845 884 966 948 dietam
987 885 1155 950 ecclesiam
1176 886 1306 951 nomina

169 986 302 1050 decimae
315 986 516 1069 pertinentes
534 984 675 1068 portioni
697 983 858 1047 dictorum
871 984 1011 1048 Abbatis
1033 990 1067 1049 et
1088 984 1188 1049 Ocnv.
1203 984 1306 1068 ipsius

169 1083 319 1160 ecclesiae,
334 1084 395 1149 hoc
411 1091 462 1148 est
475 1083 627 1159 rectoriae,
642 1081 875 1165 adjudicantes,
889 1087 923 1145 et
941 1090 1096 1167 perpetuo
1111 1102 1207 1158 nexu,
1222 1083 1307 1147 sicut

168 1202 294 1266 semper
308 1182 398 1266 prius
413 1182 555 1258 fuerunt,
568 1181 728 1257 unientes,
739 1200 850 1244 omnes
865 1181 1113 1245 contradictores
1124 1189 1157 1245 et
1172 1180 1306 1246 rebelles

167 1301 208 1344 ex
228 1301 316 1345 nunc
338 1280 374 1344 in
396 1279 524 1363 scriptis
547 1278 863 1343 excommunicando.
907 1279 1030 1342 Actum
1052 1280 1088 1342 in
1110 1279 1306 1362 praebendali

167 1378 312 1442 Ecclesia
338 1378 494 1461 Riponiae,
517 1376 569 1441 die
594 1376 730 1441 Veneris
759 1375 906 1460 proximo
934 1383 1009 1460 post
1037 1377 1058 1441 f.
1086 1379 1116 1441 S.
1144 1377 1304 1443 Johannis

168 1477 342 1553 Beverlaci,
357 1477 397 1542 A.
412 1477 454 1542 D.
469 1474 653 1552 millesimo,
667 1475 897 1552 ducentesimo,
912 1476 1108 1559 sexagesimo
1124 1481 1245 1560 quarto.

178 1727 419 1792 CCCXXXIV.
439 1726 688 1789 Matronianum
703 1742 746 1788 na
761 1741 840 1789 anm
855 1742 961 1790 carra
976 1742 1019 1789 nn
1035 1727 1204 1791 anssasr
1219 1744 1295 1803 cun

340 1854 398 1901 aar
408 1853 445 1901 ru
459 1837 696 1900 Tnasannaaro
712 1852 813 1902 cutus
829 1853 980 1902 monimo
995 1854 1047 1902 src
1062 1854 1128 1902 aar.

210 2008 395 2073 Venerabili
416 2010 485 2073 viro
505 2015 538 2074 et
559 2010 707 2087 discreto,
729 2010 811 2073 M'rc
838 2010 984 2085 Reberto,
1008 2010 1138 2075 Reetcri
1160 2011 1302 2077 ecclesiae

167 2108 207 2172 de
222 2109 371 2184 Dalston,
382 2109 465 2191 juris
480 2109 625 2173 canonici
648 2108 832 2185 Professori,
849 2109 1075 2174 Commissan'o
1090 2111 1168 2174 D'ni
1182 2111 1302 2177 Prioris

165 2208 205 2271 de
228 2208 364 2284 Bredon‚
375 2207 494 2290 judicis
513 2228 533 2271 a
555 2207 637 2272 Sede
658 2207 848 2291 Apostoliea
868 2207 1015 2293 delegati,
1030 2211 1181 2274 Decanus
1195 2210 1302 2275 West·

164 2308 273 2371 mariae
288 2327 313 2371 s.
327 2306 363 2370 in
377 2306 529 2384 Domino,
544 2313 578 2370 et
593 2312 714 2371 caetera

379 2554 605 2620 CCCXXXV.
627 2555 715 2620 Ama
730 2572 836 2620 casm
851 2573 894 2621 na
911 2558 1088 2624 Cnossnnr.

205 2732 301 2816 Hugo
317 2732 358 2795 de
373 2728 578 2806 Roderham‚¹
594 2730 776 2794 Canonious
792 2730 949 2814 Riponiae‚
961 2731 1063 2814 judex
1077 2753 1097 2796 a
1111 2733 1195 2798 D’no
1211 2735 1299 2820 Papa

161 2829 336 2914 delegatus,
351 2828 500 2892 discretis
523 2828 611 2905 viris,
632 2829 717 2891 D’nc
741 2830 846 2893 Priori
869 2830 909 2894 de
931 2830 1120 2908 Kirkeham,
1136 2835 1298 2916 conjudici

162 2949 228 3005 suc,
243 2937 276 2992 et
291 2929 448 3012 Magistro
463 2927 645 3012 Hospitalis
660 2928 815 3012 Riponiae‚
827 2950 850 2994 s.
863 2929 898 2992 in
909 2929 1049 2993 Domino
1061 2931 1297 3014 sempiternam.

162 3026 202 3088 In
233 3046 329 3090 causa
359 3025 584 3109 appellationis
610 3026 711 3090 michi
736 3047 900 3091 unacum
923 3027 999 3092 dict.
1024 3029 1133 3092 Priore
1158 3034 1191 3092 et
1214 3029 1296 3096 M’ro

161 3125 339 3208 R[0berto],
349 3124 586 3190 Archidiacono
600 3126 784 3190 Dunelmiae
795 3147 814 3189 a
827 3126 908 3190 Sede
919 3127 1104 3210 Apostolica
1118 3129 1296 3205 commissa,

160 3246 233 3308 quae
248 3223 390 3288 dicitur²
412 3225 580 3308 interjecta
601 3245 659 3308 per
672 3225 833 3289 Abbatem
857 3231 890 3290 et
914 3226 1014 3290 Conv.
1030 3226 1070 3290 de
1084 3226 1240 3311 Whitaby
1255 3229 1295 3292 ab

160 3324 359 3388 ordinatione
389 3344 446 3387 seu
472 3324 733 3408 augmentatione
760 3325 846 3389 facta
875 3345 971 3409 super
1001 3326 1121 3389 vicaria
1153 3326 1295 3392 ecclesiae

160 3444 270 3487 eornm
299 3423 340 3487 de
377 3424 516 3508 Crossby
554 3423 828 3501 Raveneswarth‚8
864 3424 997 3488 Karliol.
1033 3425 1202 3501 dioceseos,
1238 3447 1295 3511 per

160 3522 338 3587 Officialem
367 3523 571 3587 Venerabilis
601 3522 701 3606 patris
732 3523 873 3588 Karleol.
904 3524 975 3608 Ep'i
1005 3529 1038 3587 et
1066 3523 1294 3589 Arehidiaconi

160 3623 303 3699 Karliol,
320 3623 437 3705 quibus
460 3623 546 3687 idern
569 3623 676 3706 Ep’us,
692 3624 881 3687 auctoritate
903 3622 1013 3706 papali
1034 3624 1069 3686 in
1092 3623 1151 3687 hoc
1167 3625 1294 3708 negotio

159 3722 269 3797 fultus,
285 3728 322 3784 ut
337 3728 494 3797 asserunt,
510 3742 605 3804 super
626 3715 687 3784 hoc
709 3723 912 3786 commiserat
925 3723 1012 3786 vices
1028 3742 1111 3799 suas,
1126 3724 1217 3786 vobis
1233 3724 1293 3787 sub

156 3821 366 3883 alternatione
389 3821 476 3885 vices
500 3842 587 3885 meas
612 3822 787 3885 committo.
843 3822 989 3898 Quodsi
1015 3843 1080 3886 non
1107 3824 1200 3886 ambo
1230 3822 1293 3886 biis

157 3919 354 4002 exequendis
391 3916 610 3997 interfueritis,
640 3941 724 3983 unus
754 3927 897 3985 vestrum
927 3921 984 4004 qui
1020 3941 1160 4003 praesens
1197 3921 1294 3984 fuerit

156 4017 386 4081 nichilominus
408 4020 561 4101 procedat
583 4021 617 4082 in
641 4021 769 4103 negotio
785 4027 968 4095 memorato,
983 4020 1047 4082 ista
1069 4018 1291 4085 commissione

157 4117 310 4180 duratura
333 4137 501 4200 quousque
525 4138 594 4181 eam
621 4118 742 4182 duxero
770 4117 874 4200 (nob)
906 4118 1124 4182 revocandam.
1169 4119 1292 4182 Datum

155 4217 241 4298 apud
279 4216 461 4292 Benistcne,
497 4217 566 4280 xvii
602 4216 758 4282 kalendas
795 4217 952 4293 Januarii,
982 4217 1021 4280 A.
1053 4216 1091 4280 G.
1121 4216 1292 4282 millesimo

155 4315 375 4379 ducentesimo
390 4315 586 4398 sexagesimo
600 4318 703 4381 tertio.

191 4476 200 4509 ¹
219 4479 268 4529 See
280 4478 330 4530 No.
346 4481 406 4538 333,
420 4482 469 4529 etc.
682 4477 694 4511 ²
710 4479 759 4530 d'r.
973 4478 985 4513 ⁸
1002 4479 1223 4531 Romanurn.
