<?xml version="1.0" encoding="UTF-8"?>
<!DOCTYPE html PUBLIC "-//W3C//DTD XHTML 1.0 Transitional//EN"
    "http://www.w3.org/TR/xhtml1/DTD/xhtml1-transitional.dtd">
<html xmlns="http://www.w3.org/1999/xhtml" xml:lang="en" lang="en">
 <head>
  <title>
</title>
<meta http-equiv="Content-Type" content="text/html;charset=utf-8" />
  <meta name='ocr-system' content='tesseract 3.04.00' />
  <meta name='ocr-capabilities' content='ocr_page ocr_carea ocr_par ocr_line ocrx_word'/>
</head>
<body>
  <div class='ocr_page' id='page_1' title='image "./cartulariumabba00abbegoog_0108.png"; bbox 0 0 2916 4986; ppageno 0'>
   <div class='ocr_carea' id='block_1_1' title="bbox 284 522 1253 584">
    <p class='ocr_par' dir='ltr' id='par_1_1' title="bbox 284 522 1253 584">
     <span class='ocr_line' id='line_1_1' title="bbox 284 522 1253 584; baseline -0.002 -2"><span class='ocrx_word' id='word_1_1' title='bbox 284 528 556 582; x_wconf 68' lang='lat' dir='ltr'>cfflrumlurs</span> <span class='ocrx_word' id='word_1_2' title='bbox 574 529 777 582; x_wconf 77' lang='lat' dir='ltr'>ABBATHIAE</span> <span class='ocrx_word' id='word_1_3' title='bbox 796 529 846 582; x_wconf 78' lang='lat' dir='ltr'>Du</span> <span class='ocrx_word' id='word_1_4' title='bbox 864 531 1050 584; x_wconf 77' lang='lat' dir='ltr'>wflrrnur.</span> <span class='ocrx_word' id='word_1_5' title='bbox 1235 522 1253 580; x_wconf 82' lang='lat'>9</span> 
     </span>
    </p>
   </div>
   <div class='ocr_carea' id='block_1_2' title="bbox 120 692 1422 773">
    <p class='ocr_par' dir='ltr' id='par_1_2' title="bbox 120 692 1422 773">
     <span class='ocr_line' id='line_1_2' title="bbox 120 692 1422 773; baseline -0.002 -17"><span class='ocrx_word' id='word_1_6' title='bbox 120 692 202 769; x_wconf 88' lang='lat' dir='ltr'>licet,</span> <span class='ocrx_word' id='word_1_7' title='bbox 217 693 397 758; x_wconf 92' lang='lat' dir='ltr'>Dominum</span> <span class='ocrx_word' id='word_1_8' title='bbox 412 692 569 758; x_wconf 86' lang='lat' dir='ltr'>Thomam</span> <span class='ocrx_word' id='word_1_9' title='bbox 591 693 856 773; x_wconf 84' lang='lat' dir='ltr'>Grammaticum,</span> <span class='ocrx_word' id='word_1_10' title='bbox 871 716 1041 760; x_wconf 89' lang='lat' dir='ltr'>monacum</span> <span class='ocrx_word' id='word_1_11' title='bbox 1064 696 1255 761; x_wconf 83' lang='lat' dir='ltr'>Monasterii</span> <span class='ocrx_word' id='word_1_12' title='bbox 1267 707 1323 755; x_wconf 70' lang='lat' dir='ltr'>that</span> <span class='ocrx_word' id='word_1_13' title='bbox 1334 721 1380 755; x_wconf 74' lang='lat' dir='ltr'>ono</span> <span class='ocrx_word' id='word_1_14' title='bbox 1394 708 1422 756; x_wconf 73' lang='grc' dir='ltr'>οι</span> 
     </span>
    </p>
   </div>
   <div class='ocr_carea' id='block_1_3' title="bbox 121 767 1420 885">
    <p class='ocr_par' dir='ltr' id='par_1_3' title="bbox 121 767 1420 885">
     <span class='ocr_line' id='line_1_3' title="bbox 121 767 1420 885; baseline 0.006 -31"><span class='ocrx_word' id='word_1_15' title='bbox 121 790 230 856; x_wconf 78' lang='lat' dir='ltr'><strong>Sancti</strong></span> <span class='ocrx_word' id='word_1_16' title='bbox 244 791 376 868; x_wconf 85' lang='lat' dir='ltr'>Albani,</span> <span class='ocrx_word' id='word_1_17' title='bbox 391 799 541 876; x_wconf 82' lang='lat' dir='ltr'><strong>nepotem</strong></span> <span class='ocrx_word' id='word_1_18' title='bbox 555 813 660 869; x_wconf 91' lang='lat' dir='ltr'>suum,</span> <span class='ocrx_word' id='word_1_19' title='bbox 674 800 708 857; x_wconf 97' lang='lat' dir='ltr'>et</span> <span class='ocrx_word' id='word_1_20' title='bbox 721 793 902 858; x_wconf 93' lang='lat' dir='ltr'>Dominum</span> <span class='ocrx_word' id='word_1_21' title='bbox 916 795 1098 871; x_wconf 81' lang='lat' dir='ltr'>Ricardum,</span> <span class='ocrx_word' id='word_1_22' title='bbox 1114 796 1256 860; x_wconf 84' lang='lat' dir='ltr'>Priorem</span> <span class='ocrx_word' id='word_1_23' title='bbox 1268 767 1420 885; x_wconf 51' lang='lat' dir='ltr'>mappi-</span> 
     </span>
    </p>
   </div>
   <div class='ocr_carea' id='block_1_4' title="bbox 121 884 1411 1015">
    <p class='ocr_par' dir='ltr' id='par_1_4' title="bbox 121 884 1411 1015">
     <span class='ocr_line' id='line_1_4' title="bbox 121 884 1411 1015; baseline -0.001 -61"><span class='ocrx_word' id='word_1_24' title='bbox 121 889 310 955; x_wconf 86' lang='lat' dir='ltr'>Monssterii</span> <span class='ocrx_word' id='word_1_25' title='bbox 325 891 436 956; x_wconf 80' lang='lat' dir='ltr'><strong>Sancti</strong></span> <span class='ocrx_word' id='word_1_26' title='bbox 451 892 540 956; x_wconf 87' lang='lat' dir='ltr'>Petri</span> <span class='ocrx_word' id='word_1_27' title='bbox 555 892 738 976; x_wconf 87' lang='lat' dir='ltr'>Burgensis,</span> <span class='ocrx_word' id='word_1_28' title='bbox 749 901 847 977; x_wconf 88' lang='lat' dir='ltr'>atque</span> <span class='ocrx_word' id='word_1_29' title='bbox 856 893 1034 957; x_wconf 93' lang='lat' dir='ltr'>Dominum</span> <span class='ocrx_word' id='word_1_30' title='bbox 1050 895 1256 971; x_wconf 83' lang='lat' dir='ltr'>Germanum,</span> <span class='ocrx_word' id='word_1_31' title='bbox 1268 884 1411 1015; x_wconf 48' lang='grc' dir='ltr'>ξὲῗεξέξέ</span> 
     </span>
    </p>
   </div>
   <div class='ocr_carea' id='block_1_5' title="bbox 120 989 1393 1171">
    <p class='ocr_par' dir='ltr' id='par_1_5' title="bbox 120 989 1393 1171">
     <span class='ocr_line' id='line_1_5' title="bbox 121 989 1325 1078; baseline 0.007 -26"><span class='ocrx_word' id='word_1_32' title='bbox 121 989 261 1054; x_wconf 86' lang='lat' dir='ltr'>Priorem</span> <span class='ocrx_word' id='word_1_33' title='bbox 286 990 480 1055; x_wconf 90' lang='lat' dir='ltr'>Monasterii</span> <span class='ocrx_word' id='word_1_34' title='bbox 505 991 618 1056; x_wconf 79' lang='lat' dir='ltr'>Sancti</span> <span class='ocrx_word' id='word_1_35' title='bbox 649 991 774 1056; x_wconf 86' lang='lat' dir='ltr'>Oswini</span> <span class='ocrx_word' id='word_1_36' title='bbox 802 992 910 1077; x_wconf 87' lang='lat' dir='ltr'>Regis,</span> <span class='ocrx_word' id='word_1_37' title='bbox 939 992 980 1057; x_wconf 93' lang='lat' dir='ltr'>de</span> <span class='ocrx_word' id='word_1_38' title='bbox 1009 993 1173 1071; x_wconf 75' lang='lat' dir='ltr'>linemue,</span> <span class='ocrx_word' id='word_1_39' title='bbox 1199 994 1256 1078; x_wconf 91' lang='lat' dir='ltr'>qui</span> <span class='ocrx_word' id='word_1_40' title='bbox 1269 1018 1325 1060; x_wconf 73' lang='lat' dir='ltr'>vu,</span> 
     </span>
     <span class='ocr_line' id='line_1_6' title="bbox 120 1064 1393 1171; baseline 0.005 -19"><span class='ocrx_word' id='word_1_41' title='bbox 120 1094 231 1171; x_wconf 85' lang='lat' dir='ltr'>postea</span> <span class='ocrx_word' id='word_1_42' title='bbox 244 1088 357 1153; x_wconf 85' lang='lat' dir='ltr'>Abbas</span> <span class='ocrx_word' id='word_1_43' title='bbox 372 1088 413 1153; x_wconf 90' lang='lat' dir='ltr'>de</span> <span class='ocrx_word' id='word_1_44' title='bbox 429 1087 537 1152; x_wconf 88' lang='lat' dir='ltr'>Selebi</span> <span class='ocrx_word' id='word_1_45' title='bbox 551 1088 684 1154; x_wconf 86' lang='lat' dir='ltr'>effectus</span> <span class='ocrx_word' id='word_1_46' title='bbox 699 1097 757 1154; x_wconf 84' lang='lat' dir='ltr'>est</span> <span class='ocrx_word' id='word_1_47' title='bbox 802 1089 929 1154; x_wconf 85' lang='lat' dir='ltr'>Fratres</span> <span class='ocrx_word' id='word_1_48' title='bbox 941 1111 1016 1155; x_wconf 91' lang='lat' dir='ltr'>vero</span> <span class='ocrx_word' id='word_1_49' title='bbox 1030 1091 1256 1167; x_wconf 90' lang='lat' dir='ltr'>Witebienses,</span> <span class='ocrx_word' id='word_1_50' title='bbox 1268 1064 1393 1169; x_wconf 48' lang='lat' dir='ltr'>3¹³,ssssss</span> 
     </span>
    </p>
   </div>
   <div class='ocr_carea' id='block_1_6' title="bbox 120 1183 1417 1289">
    <p class='ocr_par' dir='ltr' id='par_1_6' title="bbox 120 1183 1417 1289">
     <span class='ocr_line' id='line_1_7' title="bbox 120 1183 1417 1289; baseline 0.002 -38"><span class='ocrx_word' id='word_1_51' title='bbox 120 1187 295 1251; x_wconf 88' lang='lat' dir='ltr'>amicorum</span> <span class='ocrx_word' id='word_1_52' title='bbox 311 1208 442 1251; x_wconf 91' lang='lat' dir='ltr'>suorum</span> <span class='ocrx_word' id='word_1_53' title='bbox 462 1188 596 1252; x_wconf 91' lang='lat' dir='ltr'>consilio</span> <span class='ocrx_word' id='word_1_54' title='bbox 611 1188 814 1266; x_wconf 88' lang='lat' dir='ltr'>corroborati,</span> <span class='ocrx_word' id='word_1_55' title='bbox 829 1190 961 1254; x_wconf 90' lang='lat' dir='ltr'>tandem</span> <span class='ocrx_word' id='word_1_56' title='bbox 982 1190 1125 1255; x_wconf 85' lang='lat' dir='ltr'>Priorem</span> <span class='ocrx_word' id='word_1_57' title='bbox 1147 1193 1256 1256; x_wconf 91' lang='lat' dir='ltr'>Ricar-</span> <span class='ocrx_word' id='word_1_58' title='bbox 1268 1183 1344 1289; x_wconf 57' lang='lat' dir='ltr'>ssffi</span> <span class='ocrx_word' id='word_1_59' title='bbox 1354 1239 1417 1287; x_wconf 79' lang='lat' dir='ltr'>ors.</span> 
     </span>
    </p>
   </div>
   <div class='ocr_carea' id='block_1_7' title="bbox 121 1285 1378 1372">
    <p class='ocr_par' dir='ltr' id='par_1_7' title="bbox 121 1285 1378 1372">
     <span class='ocr_line' id='line_1_8' title="bbox 121 1285 1378 1372; baseline -0.004 -22"><span class='ocrx_word' id='word_1_60' title='bbox 121 1285 200 1350; x_wconf 91' lang='lat' dir='ltr'>dum</span> <span class='ocrx_word' id='word_1_61' title='bbox 214 1286 277 1350; x_wconf 92' lang='lat' dir='ltr'>sibi</span> <span class='ocrx_word' id='word_1_62' title='bbox 291 1287 327 1350; x_wconf 88' lang='lat' dir='ltr'>in</span> <span class='ocrx_word' id='word_1_63' title='bbox 342 1287 504 1352; x_wconf 83' lang='lat' dir='ltr'>Abbatem</span> <span class='ocrx_word' id='word_1_64' title='bbox 519 1287 671 1352; x_wconf 83' lang='lat' dir='ltr'>canonice</span> <span class='ocrx_word' id='word_1_65' title='bbox 687 1287 861 1372; x_wconf 88' lang='lat' dir='ltr'>elegerunt,</span> <span class='ocrx_word' id='word_1_66' title='bbox 876 1288 953 1372; x_wconf 91' lang='lat' dir='ltr'>quia</span> <span class='ocrx_word' id='word_1_67' title='bbox 968 1289 1146 1355; x_wconf 81' lang='lat' dir='ltr'>didicerant</span> <span class='ocrx_word' id='word_1_68' title='bbox 1162 1291 1256 1355; x_wconf 92' lang='lat' dir='ltr'>illum</span> <span class='ocrx_word' id='word_1_69' title='bbox 1269 1300 1378 1347; x_wconf 71' lang='lat' dir='ltr'>muma-</span> 
     </span>
    </p>
   </div>
   <div class='ocr_carea' id='block_1_8' title="bbox 121 1360 1398 1473">
    <p class='ocr_par' dir='ltr' id='par_1_8' title="bbox 121 1360 1398 1473">
     <span class='ocr_line' id='line_1_9' title="bbox 121 1360 1398 1473; baseline 0.005 -25"><span class='ocrx_word' id='word_1_70' title='bbox 121 1386 228 1449; x_wconf 86' lang='lat' dir='ltr'>virum</span> <span class='ocrx_word' id='word_1_71' title='bbox 253 1406 323 1451; x_wconf 89' lang='lat' dir='ltr'>essa</span> <span class='ocrx_word' id='word_1_72' title='bbox 351 1386 641 1471; x_wconf 87' lang='lat' dir='ltr'>prudentissimum</span> <span class='ocrx_word' id='word_1_73' title='bbox 670 1393 704 1450; x_wconf 93' lang='lat' dir='ltr'>et</span> <span class='ocrx_word' id='word_1_74' title='bbox 741 1408 781 1452; x_wconf 87' lang='lat' dir='ltr'>ex</span> <span class='ocrx_word' id='word_1_75' title='bbox 818 1388 921 1451; x_wconf 92' lang='lat' dir='ltr'>nobili</span> <span class='ocrx_word' id='word_1_76' title='bbox 956 1391 1106 1473; x_wconf 80' lang='lat' dir='ltr'>prosapia</span> <span class='ocrx_word' id='word_1_77' title='bbox 1142 1396 1256 1455; x_wconf 90' lang='lat' dir='ltr'>ortum.</span> <span class='ocrx_word' id='word_1_78' title='bbox 1270 1360 1398 1466; x_wconf 43' lang='grc' dir='ltr'>ἔξω</span> 
     </span>
    </p>
   </div>
   <div class='ocr_carea' id='block_1_9' title="bbox 122 1479 1396 1598">
    <p class='ocr_par' dir='ltr' id='par_1_9' title="bbox 122 1479 1396 1598">
     <span class='ocr_line' id='line_1_10' title="bbox 122 1479 1396 1598; baseline 0.005 -49"><span class='ocrx_word' id='word_1_79' title='bbox 122 1485 285 1549; x_wconf 85' lang='lat' dir='ltr'>Miserunt</span> <span class='ocrx_word' id='word_1_80' title='bbox 299 1493 408 1550; x_wconf 87' lang='lat' dir='ltr'>autem</span> <span class='ocrx_word' id='word_1_81' title='bbox 423 1485 465 1549; x_wconf 89' lang='lat' dir='ltr'>ad</span> <span class='ocrx_word' id='word_1_82' title='bbox 487 1486 652 1569; x_wconf 74' lang='lat' dir='ltr'>Burgenae</span> <span class='ocrx_word' id='word_1_83' title='bbox 667 1486 898 1550; x_wconf 87' lang='lat' dir='ltr'>monasterium</span> <span class='ocrx_word' id='word_1_84' title='bbox 917 1487 1098 1552; x_wconf 89' lang='lat' dir='ltr'>Walterum</span> <span class='ocrx_word' id='word_1_85' title='bbox 1114 1489 1257 1553; x_wconf 87' lang='lat' dir='ltr'>Priorem</span> <span class='ocrx_word' id='word_1_86' title='bbox 1270 1479 1381 1598; x_wconf 55' lang='lat' dir='ltr'>{gssffgh</span> <span class='ocrx_word' id='word_1_87' title='bbox 1389 1552 1396 1596; x_wconf 88' lang='lat'>;</span> 
     </span>
    </p>
   </div>
   <div class='ocr_carea' id='block_1_10' title="bbox 123 1583 1387 1671">
    <p class='ocr_par' dir='ltr' id='par_1_10' title="bbox 123 1583 1387 1671">
     <span class='ocr_line' id='line_1_11' title="bbox 123 1583 1387 1671; baseline 0.002 -24"><span class='ocrx_word' id='word_1_88' title='bbox 123 1604 218 1647; x_wconf 88' lang='lat' dir='ltr'>suum</span> <span class='ocrx_word' id='word_1_89' title='bbox 239 1590 273 1648; x_wconf 86' lang='lat' dir='ltr'>et</span> <span class='ocrx_word' id='word_1_90' title='bbox 294 1584 474 1648; x_wconf 93' lang='lat' dir='ltr'>Dominum</span> <span class='ocrx_word' id='word_1_91' title='bbox 496 1583 676 1648; x_wconf 80' lang='lat' dir='ltr'>Martinam</span> <span class='ocrx_word' id='word_1_92' title='bbox 702 1584 904 1662; x_wconf 90' lang='lat' dir='ltr'>monachum,</span> <span class='ocrx_word' id='word_1_93' title='bbox 919 1586 1005 1649; x_wconf 86' lang='lat' dir='ltr'>viros</span> <span class='ocrx_word' id='word_1_94' title='bbox 1027 1585 1179 1650; x_wconf 90' lang='lat' dir='ltr'>honestos</span> <span class='ocrx_word' id='word_1_95' title='bbox 1202 1588 1259 1671; x_wconf 91' lang='lat' dir='ltr'>qui</span> <span class='ocrx_word' id='word_1_96' title='bbox 1271 1595 1387 1645; x_wconf 69' lang='lat' dir='ltr'>mucer-</span> 
     </span>
    </p>
   </div>
   <div class='ocr_carea' id='block_1_11' title="bbox 124 1656 1414 1772">
    <p class='ocr_par' dir='ltr' id='par_1_11' title="bbox 124 1656 1414 1772">
     <span class='ocr_line' id='line_1_12' title="bbox 124 1656 1414 1772; baseline -0.004 -25"><span class='ocrx_word' id='word_1_97' title='bbox 124 1684 165 1747; x_wconf 91' lang='lat' dir='ltr'>ab</span> <span class='ocrx_word' id='word_1_98' title='bbox 180 1682 395 1747; x_wconf 88' lang='lat' dir='ltr'>adolescentia</span> <span class='ocrx_word' id='word_1_99' title='bbox 409 1703 469 1747; x_wconf 87' lang='lat' dir='ltr'>sua</span> <span class='ocrx_word' id='word_1_100' title='bbox 482 1702 585 1767; x_wconf 90' lang='lat' dir='ltr'>usque</span> <span class='ocrx_word' id='word_1_101' title='bbox 600 1682 641 1746; x_wconf 87' lang='lat' dir='ltr'>ad</span> <span class='ocrx_word' id='word_1_102' title='bbox 656 1682 852 1767; x_wconf 86' lang='lat' dir='ltr'>decrepitam</span> <span class='ocrx_word' id='word_1_103' title='bbox 867 1689 997 1747; x_wconf 87' lang='lat' dir='ltr'>aetatem</span> <span class='ocrx_word' id='word_1_104' title='bbox 1013 1705 1141 1748; x_wconf 88' lang='lat' dir='ltr'>omnem</span> <span class='ocrx_word' id='word_1_105' title='bbox 1156 1685 1257 1748; x_wconf 90' lang='lat' dir='ltr'>vitam</span> <span class='ocrx_word' id='word_1_106' title='bbox 1271 1656 1414 1772; x_wconf 52' lang='lat' dir='ltr'>ffi&#39;yssloe</span> 
     </span>
    </p>
   </div>
   <div class='ocr_carea' id='block_1_12' title="bbox 125 1773 1413 1878">
    <p class='ocr_par' dir='ltr' id='par_1_12' title="bbox 125 1773 1413 1878">
     <span class='ocr_line' id='line_1_13' title="bbox 125 1773 1413 1878; baseline -0.002 -32"><span class='ocrx_word' id='word_1_107' title='bbox 125 1801 216 1846; x_wconf 88' lang='lat' dir='ltr'>suam</span> <span class='ocrx_word' id='word_1_108' title='bbox 229 1782 265 1846; x_wconf 93' lang='lat' dir='ltr'>in</span> <span class='ocrx_word' id='word_1_109' title='bbox 279 1781 479 1845; x_wconf 85' lang='lat' dir='ltr'>utilitatibus</span> <span class='ocrx_word' id='word_1_110' title='bbox 494 1781 687 1845; x_wconf 84' lang='lat' dir='ltr'>Monasterii</span> <span class='ocrx_word' id='word_1_111' title='bbox 701 1782 753 1846; x_wconf 91' lang='lat' dir='ltr'>sui</span> <span class='ocrx_word' id='word_1_112' title='bbox 765 1788 994 1865; x_wconf 87' lang='lat' dir='ltr'>transegerant.</span> <span class='ocrx_word' id='word_1_113' title='bbox 1040 1782 1258 1866; x_wconf 89' lang='lat' dir='ltr'>Susceperunt</span> <span class='ocrx_word' id='word_1_114' title='bbox 1270 1773 1376 1878; x_wconf 46' lang='lat' dir='ltr'>{iffi</span> <span class='ocrx_word' id='word_1_115' title='bbox 1385 1831 1413 1878; x_wconf 40' lang='grc' dir='ltr'>οἱ</span> 
     </span>
    </p>
   </div>
   <div class='ocr_carea' id='block_1_13' title="bbox 126 1879 1352 1967">
    <p class='ocr_par' dir='ltr' id='par_1_13' title="bbox 126 1879 1352 1967">
     <span class='ocr_line' id='line_1_14' title="bbox 126 1879 1352 1967; baseline 0 -21"><span class='ocrx_word' id='word_1_116' title='bbox 126 1902 179 1946; x_wconf 89' lang='lat' dir='ltr'>eos</span> <span class='ocrx_word' id='word_1_117' title='bbox 193 1882 306 1946; x_wconf 86' lang='lat' dir='ltr'>iratres</span> <span class='ocrx_word' id='word_1_118' title='bbox 322 1882 503 1966; x_wconf 87' lang='lat' dir='ltr'>Burgenses</span> <span class='ocrx_word' id='word_1_119' title='bbox 517 1879 692 1945; x_wconf 87' lang='lat' dir='ltr'>honorifice</span> <span class='ocrx_word' id='word_1_120' title='bbox 706 1880 742 1945; x_wconf 92' lang='lat' dir='ltr'>in</span> <span class='ocrx_word' id='word_1_121' title='bbox 757 1880 810 1945; x_wconf 90' lang='lat' dir='ltr'>die</span> <span class='ocrx_word' id='word_1_122' title='bbox 829 1881 941 1945; x_wconf 90' lang='lat' dir='ltr'>Sancti</span> <span class='ocrx_word' id='word_1_123' title='bbox 963 1881 1145 1945; x_wconf 83' lang='lat' dir='ltr'>Dunstani¹</span> <span class='ocrx_word' id='word_1_124' title='bbox 1160 1890 1257 1967; x_wconf 86' lang='lat' dir='ltr'>atque</span> <span class='ocrx_word' id='word_1_125' title='bbox 1270 1891 1352 1937; x_wconf 69' lang='lat' dir='ltr'>esar-</span> 
     </span>
    </p>
   </div>
   <div class='ocr_carea' id='block_1_14' title="bbox 126 1949 1379 2056">
    <p class='ocr_par' dir='ltr' id='par_1_14' title="bbox 126 1949 1379 2056">
     <span class='ocr_line' id='line_1_15' title="bbox 126 1949 1379 2056; baseline 0.002 -12"><span class='ocrx_word' id='word_1_126' title='bbox 126 1981 292 2045; x_wconf 87' lang='lat' dir='ltr'>inoctavis</span> <span class='ocrx_word' id='word_1_127' title='bbox 302 1978 536 2045; x_wconf 84' lang='lat' dir='ltr'>Asoensionis.²</span> <span class='ocrx_word' id='word_1_128' title='bbox 572 1980 635 2044; x_wconf 82' lang='lat' dir='ltr'>Hae</span> <span class='ocrx_word' id='word_1_129' title='bbox 649 1980 753 2044; x_wconf 85' lang='lat' dir='ltr'>ambae</span> <span class='ocrx_word' id='word_1_130' title='bbox 768 1980 979 2045; x_wconf 88' lang='lat' dir='ltr'>solennitates</span> <span class='ocrx_word' id='word_1_131' title='bbox 995 1981 1107 2045; x_wconf 91' lang='lat' dir='ltr'>eodem</span> <span class='ocrx_word' id='word_1_132' title='bbox 1122 2003 1207 2047; x_wconf 90' lang='lat' dir='ltr'>anno</span> <span class='ocrx_word' id='word_1_133' title='bbox 1221 1982 1257 2046; x_wconf 95' lang='lat' dir='ltr'>in</span> <span class='ocrx_word' id='word_1_134' title='bbox 1269 1949 1328 2056; x_wconf 49' lang='lat' dir='ltr'>iii?</span> <span class='ocrx_word' id='word_1_135' title='bbox 1361 1950 1379 1998; x_wconf 86' lang='lat' dir='ltr'>h</span> 
     </span>
    </p>
   </div>
   <div class='ocr_carea' id='block_1_15' title="bbox 127 2068 1385 2263">
    <p class='ocr_par' dir='ltr' id='par_1_15' title="bbox 127 2068 1385 2263">
     <span class='ocr_line' id='line_1_16' title="bbox 127 2068 1380 2175; baseline -0.006 -29"><span class='ocrx_word' id='word_1_136' title='bbox 127 2100 192 2144; x_wconf 88' lang='lat' dir='ltr'>una</span> <span class='ocrx_word' id='word_1_137' title='bbox 217 2079 269 2144; x_wconf 89' lang='lat' dir='ltr'>dia</span> <span class='ocrx_word' id='word_1_138' title='bbox 294 2080 491 2145; x_wconf 84' lang='lat' dir='ltr'>accidenmt.</span> <span class='ocrx_word' id='word_1_139' title='bbox 536 2079 604 2143; x_wconf 84' lang='lat' dir='ltr'>Vix</span> <span class='ocrx_word' id='word_1_140' title='bbox 627 2099 702 2143; x_wconf 95' lang='lat' dir='ltr'>eum</span> <span class='ocrx_word' id='word_1_141' title='bbox 728 2079 909 2164; x_wconf 91' lang='lat' dir='ltr'>Burgenses</span> <span class='ocrx_word' id='word_1_142' title='bbox 937 2081 973 2144; x_wconf 91' lang='lat' dir='ltr'>in</span> <span class='ocrx_word' id='word_1_143' title='bbox 999 2081 1161 2145; x_wconf 86' lang='lat' dir='ltr'>Abbatem</span> <span class='ocrx_word' id='word_1_144' title='bbox 1186 2103 1258 2166; x_wconf 88' lang='lat' dir='ltr'>pro-</span> <span class='ocrx_word' id='word_1_145' title='bbox 1271 2068 1380 2175; x_wconf 50' lang='lat' dir='ltr'>{Q}</span> 
     </span>
     <span class='ocr_line' id='line_1_17' title="bbox 127 2177 1385 2263; baseline -0.009 -21"><span class='ocrx_word' id='word_1_146' title='bbox 127 2180 247 2244; x_wconf 87' lang='lat' dir='ltr'>moveri</span> <span class='ocrx_word' id='word_1_147' title='bbox 262 2178 421 2256; x_wconf 85' lang='lat' dir='ltr'>sinebant,</span> <span class='ocrx_word' id='word_1_148' title='bbox 431 2199 472 2244; x_wconf 90' lang='lat' dir='ltr'>ne</span> <span class='ocrx_word' id='word_1_149' title='bbox 484 2179 554 2262; x_wconf 87' lang='lat' dir='ltr'>ejus</span> <span class='ocrx_word' id='word_1_150' title='bbox 565 2177 681 2242; x_wconf 90' lang='lat' dir='ltr'>solatio</span> <span class='ocrx_word' id='word_1_151' title='bbox 695 2179 905 2263; x_wconf 85' lang='lat' dir='ltr'>privarentur.</span> <span class='ocrx_word' id='word_1_152' title='bbox 952 2181 1092 2245; x_wconf 87' lang='lat' dir='ltr'>Tandem</span> <span class='ocrx_word' id='word_1_153' title='bbox 1108 2181 1260 2248; x_wconf 79' lang='lat' dir='ltr'>dimisum</span> <span class='ocrx_word' id='word_1_154' title='bbox 1273 2187 1385 2246; x_wconf 73' lang='lat' dir='ltr'>Whitby,</span> 
     </span>
    </p>
   </div>
   <div class='ocr_carea' id='block_1_16' title="bbox 127 2246 1394 2361">
    <p class='ocr_par' dir='ltr' id='par_1_16' title="bbox 127 2246 1394 2361">
     <span class='ocr_line' id='line_1_18' title="bbox 127 2246 1394 2361; baseline 0.009 -20"><span class='ocrx_word' id='word_1_155' title='bbox 127 2277 267 2342; x_wconf 86' lang='lat' dir='ltr'>secunda</span> <span class='ocrx_word' id='word_1_156' title='bbox 288 2278 341 2342; x_wconf 90' lang='lat' dir='ltr'>die</span> <span class='ocrx_word' id='word_1_157' title='bbox 363 2278 570 2342; x_wconf 88' lang='lat' dir='ltr'>Pentecostes</span> <span class='ocrx_word' id='word_1_158' title='bbox 592 2278 633 2341; x_wconf 88' lang='lat' dir='ltr'>ab</span> <span class='ocrx_word' id='word_1_159' title='bbox 655 2277 784 2342; x_wconf 87' lang='lat' dir='ltr'>Abbate</span> <span class='ocrx_word' id='word_1_160' title='bbox 807 2298 864 2342; x_wconf 93' lang='lat' dir='ltr'>suo</span> <span class='ocrx_word' id='word_1_161' title='bbox 887 2279 1031 2344; x_wconf 88' lang='lat' dir='ltr'>Martino</span> <span class='ocrx_word' id='word_1_162' title='bbox 1046 2301 1066 2345; x_wconf 91' lang='lat' dir='ltr'>a</span> <span class='ocrx_word' id='word_1_163' title='bbox 1081 2246 1394 2361; x_wconf 47' lang='lat' dir='ltr'>Conventuiildim‘</span> 
     </span>
    </p>
   </div>
   <div class='ocr_carea' id='block_1_17' title="bbox 125 2365 1424 2469">
    <p class='ocr_par' dir='ltr' id='par_1_17' title="bbox 125 2365 1424 2469">
     <span class='ocr_line' id='line_1_19' title="bbox 125 2365 1424 2469; baseline 0.007 -29"><span class='ocrx_word' id='word_1_164' title='bbox 125 2376 297 2442; x_wconf 87' lang='lat' dir='ltr'>honorifice</span> <span class='ocrx_word' id='word_1_165' title='bbox 323 2398 397 2441; x_wconf 95' lang='lat' dir='ltr'>cum</span> <span class='ocrx_word' id='word_1_166' title='bbox 419 2377 496 2454; x_wconf 88' lang='lat' dir='ltr'>suis,</span> <span class='ocrx_word' id='word_1_167' title='bbox 518 2382 551 2441; x_wconf 95' lang='lat' dir='ltr'>et</span> <span class='ocrx_word' id='word_1_168' title='bbox 576 2396 651 2441; x_wconf 90' lang='lat' dir='ltr'>cum</span> <span class='ocrx_word' id='word_1_169' title='bbox 674 2376 799 2441; x_wconf 88' lang='lat' dir='ltr'>duobus</span> <span class='ocrx_word' id='word_1_170' title='bbox 824 2379 990 2444; x_wconf 90' lang='lat' dir='ltr'>monachis</span> <span class='ocrx_word' id='word_1_171' title='bbox 1011 2381 1262 2463; x_wconf 84' lang='lat' dir='ltr'>praenominatis,</span> <span class='ocrx_word' id='word_1_172' title='bbox 1273 2365 1424 2469; x_wconf 44' lang='lat' dir='ltr'>mesonc</span> 
     </span>
    </p>
   </div>
   <div class='ocr_carea' id='block_1_18' title="bbox 128 2475 1403 2764">
    <p class='ocr_par' dir='ltr' id='par_1_18' title="bbox 128 2475 1403 2764">
     <span class='ocr_line' id='line_1_20' title="bbox 128 2475 1397 2588; baseline 0.002 -48"><span class='ocrx_word' id='word_1_173' title='bbox 128 2476 215 2561; x_wconf 88' lang='lat' dir='ltr'>apud</span> <span class='ocrx_word' id='word_1_174' title='bbox 235 2476 417 2542; x_wconf 84' lang='lat' dir='ltr'>Eboracum</span> <span class='ocrx_word' id='word_1_175' title='bbox 428 2475 631 2560; x_wconf 86' lang='lat' dir='ltr'>Stephanum</span> <span class='ocrx_word' id='word_1_176' title='bbox 653 2475 774 2559; x_wconf 87' lang='lat' dir='ltr'>Regem</span> <span class='ocrx_word' id='word_1_177' title='bbox 796 2476 925 2561; x_wconf 84' lang='lat' dir='ltr'>Angliae</span> <span class='ocrx_word' id='word_1_178' title='bbox 951 2478 1101 2542; x_wconf 89' lang='lat' dir='ltr'>adierunt</span> <span class='ocrx_word' id='word_1_179' title='bbox 1112 2503 1121 2558; x_wconf 94' lang='lat'>;</span> <span class='ocrx_word' id='word_1_180' title='bbox 1153 2500 1173 2544; x_wconf 92' lang='lat' dir='ltr'>a</span> <span class='ocrx_word' id='word_1_181' title='bbox 1198 2482 1397 2588; x_wconf 54' lang='lat' dir='ltr'>quoffliiulht</span> 
     </span>
     <span class='ocr_line' id='line_1_21' title="bbox 128 2555 1403 2660; baseline 0.004 -19"><span class='ocrx_word' id='word_1_182' title='bbox 128 2576 266 2660; x_wconf 86' lang='lat' dir='ltr'>benigne</span> <span class='ocrx_word' id='word_1_183' title='bbox 294 2576 438 2660; x_wconf 88' lang='lat' dir='ltr'>suscepti</span> <span class='ocrx_word' id='word_1_184' title='bbox 463 2581 549 2640; x_wconf 90' lang='lat' dir='ltr'>sunt.</span> <span class='ocrx_word' id='word_1_185' title='bbox 603 2575 688 2640; x_wconf 84' lang='lat' dir='ltr'>Oum</span> <span class='ocrx_word' id='word_1_186' title='bbox 712 2596 784 2660; x_wconf 91' lang='lat' dir='ltr'>ergo</span> <span class='ocrx_word' id='word_1_187' title='bbox 811 2575 881 2640; x_wconf 88' lang='lat' dir='ltr'>Rex</span> <span class='ocrx_word' id='word_1_188' title='bbox 907 2576 1050 2642; x_wconf 87' lang='lat' dir='ltr'>audisset</span> <span class='ocrx_word' id='word_1_189' title='bbox 1073 2578 1262 2643; x_wconf 81' lang='lat' dir='ltr'>electionem</span> <span class='ocrx_word' id='word_1_190' title='bbox 1275 2555 1403 2660; x_wconf 58' lang='lat' dir='ltr'>garritio</span> 
     </span>
     <span class='ocr_line' id='line_1_22' title="bbox 128 2659 1399 2764; baseline 0.002 -26"><span class='ocrx_word' id='word_1_191' title='bbox 128 2673 356 2739; x_wconf 86' lang='lat' dir='ltr'>monachorum</span> <span class='ocrx_word' id='word_1_192' title='bbox 371 2675 412 2739; x_wconf 86' lang='lat' dir='ltr'>de</span> <span class='ocrx_word' id='word_1_193' title='bbox 426 2674 561 2751; x_wconf 80' lang='lat' dir='ltr'>witebi,</span> <span class='ocrx_word' id='word_1_194' title='bbox 574 2679 608 2738; x_wconf 93' lang='lat' dir='ltr'>et</span> <span class='ocrx_word' id='word_1_195' title='bbox 629 2674 750 2738; x_wconf 88' lang='lat' dir='ltr'>famam</span> <span class='ocrx_word' id='word_1_196' title='bbox 765 2673 828 2737; x_wconf 87' lang='lat' dir='ltr'>viri</span> <span class='ocrx_word' id='word_1_197' title='bbox 853 2674 987 2739; x_wconf 92' lang='lat' dir='ltr'>Domini</span> <span class='ocrx_word' id='word_1_198' title='bbox 1010 2677 1148 2753; x_wconf 84' lang='lat' dir='ltr'>Ricardi,</span> <span class='ocrx_word' id='word_1_199' title='bbox 1167 2679 1262 2761; x_wconf 91' lang='lat' dir='ltr'>jussu</span> <span class='ocrx_word' id='word_1_200' title='bbox 1276 2659 1360 2764; x_wconf 51' lang='grc' dir='ltr'>ἓξξζξῑ</span> <span class='ocrx_word' id='word_1_201' title='bbox 1372 2660 1399 2705; x_wconf 67' lang='lat'>⁰¹</span> 
     </span>
    </p>
   </div>
   <div class='ocr_carea' id='block_1_19' title="bbox 126 2773 1394 2860">
    <p class='ocr_par' dir='ltr' id='par_1_19' title="bbox 126 2773 1394 2860">
     <span class='ocr_line' id='line_1_23' title="bbox 126 2773 1394 2860; baseline -0.004 -22"><span class='ocrx_word' id='word_1_202' title='bbox 126 2773 216 2840; x_wconf 90' lang='lat' dir='ltr'>illius</span> <span class='ocrx_word' id='word_1_203' title='bbox 230 2774 341 2839; x_wconf 86' lang='lat' dir='ltr'>Abbas</span> <span class='ocrx_word' id='word_1_204' title='bbox 355 2774 395 2838; x_wconf 92' lang='lat' dir='ltr'>de</span> <span class='ocrx_word' id='word_1_205' title='bbox 409 2774 534 2838; x_wconf 89' lang='lat' dir='ltr'>Witebi</span> <span class='ocrx_word' id='word_1_206' title='bbox 550 2775 685 2840; x_wconf 86' lang='lat' dir='ltr'>effectus</span> <span class='ocrx_word' id='word_1_207' title='bbox 700 2780 758 2850; x_wconf 89' lang='lat' dir='ltr'>est,</span> <span class='ocrx_word' id='word_1_208' title='bbox 768 2774 901 2858; x_wconf 91' lang='lat' dir='ltr'>ejusque</span> <span class='ocrx_word' id='word_1_209' title='bbox 916 2774 1101 2859; x_wconf 86' lang='lat' dir='ltr'>homagium</span> <span class='ocrx_word' id='word_1_210' title='bbox 1112 2777 1262 2860; x_wconf 89' lang='lat' dir='ltr'>suscepit.</span> <span class='ocrx_word' id='word_1_211' title='bbox 1276 2776 1394 2835; x_wconf 65' lang='lat' dir='ltr'>osmugi,</span> 
     </span>
    </p>
   </div>
   <div class='ocr_carea' id='block_1_20' title="bbox 1277 2836 1420 2883">
    <p class='ocr_par' dir='ltr' id='par_1_20' title="bbox 1277 2836 1420 2883">
     <span class='ocr_line' id='line_1_24' title="bbox 1277 2836 1420 2883; baseline 0.007 -1"><span class='ocrx_word' id='word_1_212' title='bbox 1277 2836 1318 2882; x_wconf 82' lang='lat' dir='ltr'>the</span> <span class='ocrx_word' id='word_1_213' title='bbox 1352 2849 1420 2883; x_wconf 86' lang='lat' dir='ltr'>come</span> 
     </span>
    </p>
   </div>
   <div class='ocr_carea' id='block_1_21' title="bbox 127 2873 1422 3071">
    <p class='ocr_par' dir='ltr' id='par_1_21' title="bbox 127 2873 1422 3071">
     <span class='ocr_line' id='line_1_25' title="bbox 128 2873 1381 2954; baseline 0.002 -16"><span class='ocrx_word' id='word_1_214' title='bbox 128 2874 270 2938; x_wconf 82' lang='lat' dir='ltr'>Intravit</span> <span class='ocrx_word' id='word_1_215' title='bbox 290 2894 367 2939; x_wconf 87' lang='lat' dir='ltr'>vero</span> <span class='ocrx_word' id='word_1_216' title='bbox 388 2874 554 2941; x_wconf 88' lang='lat' dir='ltr'>Dominus</span> <span class='ocrx_word' id='word_1_217' title='bbox 580 2873 738 2938; x_wconf 90' lang='lat' dir='ltr'>Ricardus</span> <span class='ocrx_word' id='word_1_218' title='bbox 760 2873 872 2937; x_wconf 86' lang='lat' dir='ltr'>Abbas</span> <span class='ocrx_word' id='word_1_219' title='bbox 902 2874 1136 2939; x_wconf 89' lang='lat' dir='ltr'>Monasterium</span> <span class='ocrx_word' id='word_1_220' title='bbox 1159 2876 1304 2941; x_wconf 72' lang='lat' dir='ltr'>wite-to</span> <span class='ocrx_word' id='word_1_221' title='bbox 1341 2896 1381 2954; x_wconf 74' lang='lat' dir='ltr'>&#39;ng</span> 
     </span>
     <span class='ocr_line' id='line_1_26' title="bbox 127 2954 1422 3071; baseline -0.015 -34"><span class='ocrx_word' id='word_1_222' title='bbox 127 2973 248 3051; x_wconf 86' lang='lat' dir='ltr'>bieme,</span> <span class='ocrx_word' id='word_1_223' title='bbox 262 2972 325 3038; x_wconf 90' lang='lat' dir='ltr'>sibi</span> <span class='ocrx_word' id='word_1_224' title='bbox 342 2974 560 3051; x_wconf 88' lang='lat' dir='ltr'>commissum,</span> <span class='ocrx_word' id='word_1_225' title='bbox 575 2969 767 3038; x_wconf 85' lang='lat' dir='ltr'>Dominica⁸</span> <span class='ocrx_word' id='word_1_226' title='bbox 781 2973 887 3055; x_wconf 84' lang='lat' dir='ltr'>prima</span> <span class='ocrx_word' id='word_1_227' title='bbox 901 2978 975 3055; x_wconf 86' lang='lat' dir='ltr'>post</span> <span class='ocrx_word' id='word_1_228' title='bbox 997 2980 1126 3036; x_wconf 73' lang='lat' dir='ltr'>octavas</span> <span class='ocrx_word' id='word_1_229' title='bbox 1149 2974 1265 3038; x_wconf 63' lang='lat' dir='ltr'><strong>Pente.</strong></span> <span class='ocrx_word' id='word_1_230' title='bbox 1278 2954 1422 3071; x_wconf 53' lang='lat' dir='ltr'>{igffiffi</span> 
     </span>
    </p>
   </div>
   <div class='ocr_carea' id='block_1_22' title="bbox 128 3070 1404 3184">
    <p class='ocr_par' dir='ltr' id='par_1_22' title="bbox 128 3070 1404 3184">
     <span class='ocr_line' id='line_1_27' title="bbox 128 3070 1404 3184; baseline -0.005 -47"><span class='ocrx_word' id='word_1_231' title='bbox 128 3079 232 3136; x_wconf 85' lang='lat' dir='ltr'>costes</span> <span class='ocrx_word' id='word_1_232' title='bbox 253 3092 356 3136; x_wconf 85' lang='lat' dir='ltr'>nonas</span> <span class='ocrx_word' id='word_1_233' title='bbox 374 3072 476 3136; x_wconf 85' lang='lat' dir='ltr'>Junii</span> <span class='ocrx_word' id='word_1_234' title='bbox 521 3073 624 3137; x_wconf 86' lang='lat' dir='ltr'>Erant</span> <span class='ocrx_word' id='word_1_235' title='bbox 645 3076 724 3135; x_wconf 86' lang='lat' dir='ltr'>tunc</span> <span class='ocrx_word' id='word_1_236' title='bbox 747 3070 783 3134; x_wconf 92' lang='lat' dir='ltr'>in</span> <span class='ocrx_word' id='word_1_237' title='bbox 806 3071 918 3135; x_wconf 92' lang='lat' dir='ltr'>eodem</span> <span class='ocrx_word' id='word_1_238' title='bbox 940 3070 1138 3134; x_wconf 90' lang='lat' dir='ltr'>Monasterio</span> <span class='ocrx_word' id='word_1_239' title='bbox 1153 3070 1268 3184; x_wconf 45' lang='lat' dir='ltr'>xxxii}</span> <span class='ocrx_word' id='word_1_240' title='bbox 1280 3071 1404 3178; x_wconf 31' lang='lat' dir='ltr'>{Effin-</span> 
     </span>
    </p>
   </div>
   <div class='ocr_carea' id='block_1_23' title="bbox 127 3168 1373 3256">
    <p class='ocr_par' dir='ltr' id='par_1_23' title="bbox 127 3168 1373 3256">
     <span class='ocr_line' id='line_1_28' title="bbox 127 3168 1373 3256; baseline 0.001 -21"><span class='ocrx_word' id='word_1_241' title='bbox 127 3171 171 3235; x_wconf 81' lang='lat' dir='ltr'>vi</span> <span class='ocrx_word' id='word_1_242' title='bbox 186 3172 336 3237; x_wconf 90' lang='lat' dir='ltr'>monachi</span> <span class='ocrx_word' id='word_1_243' title='bbox 351 3172 409 3256; x_wconf 93' lang='lat' dir='ltr'>qui</span> <span class='ocrx_word' id='word_1_244' title='bbox 424 3192 499 3236; x_wconf 90' lang='lat' dir='ltr'>eum</span> <span class='ocrx_word' id='word_1_245' title='bbox 521 3171 695 3236; x_wconf 86' lang='lat' dir='ltr'>honorifice</span> <span class='ocrx_word' id='word_1_246' title='bbox 718 3175 939 3254; x_wconf 89' lang='lat' dir='ltr'>susceperunt,</span> <span class='ocrx_word' id='word_1_247' title='bbox 956 3168 1216 3252; x_wconf 87' lang='lat' dir='ltr'>congratulantes</span> <span class='ocrx_word' id='word_1_248' title='bbox 1238 3192 1268 3236; x_wconf 90' lang='lat' dir='ltr'>er</span> <span class='ocrx_word' id='word_1_249' title='bbox 1281 3190 1334 3236; x_wconf 79' lang='lat' dir='ltr'>aon</span> <span class='ocrx_word' id='word_1_250' title='bbox 1346 3192 1373 3236; x_wconf 82' lang='lat' dir='ltr'>or</span> 
     </span>
    </p>
   </div>
   <div class='ocr_carea' id='block_1_24' title="bbox 128 3249 1406 3356">
    <p class='ocr_par' dir='ltr' id='par_1_24' title="bbox 128 3249 1406 3356">
     <span class='ocr_line' id='line_1_29' title="bbox 128 3249 1406 3356; baseline 0.004 -23"><span class='ocrx_word' id='word_1_251' title='bbox 128 3269 166 3333; x_wconf 93' lang='lat' dir='ltr'>in</span> <span class='ocrx_word' id='word_1_252' title='bbox 179 3271 327 3334; x_wconf 92' lang='lat' dir='ltr'>Domino.</span> <span class='ocrx_word' id='word_1_253' title='bbox 371 3272 487 3354; x_wconf 82' lang='lat' dir='ltr'>Itaque</span> <span class='ocrx_word' id='word_1_254' title='bbox 509 3270 649 3354; x_wconf 88' lang='lat' dir='ltr'>qualiter</span> <span class='ocrx_word' id='word_1_255' title='bbox 670 3268 799 3345; x_wconf 87' lang='lat' dir='ltr'>vixerit,</span> <span class='ocrx_word' id='word_1_256' title='bbox 813 3269 867 3333; x_wconf 88' lang='lat' dir='ltr'>vel</span> <span class='ocrx_word' id='word_1_257' title='bbox 890 3268 1021 3332; x_wconf 93' lang='lat' dir='ltr'>domum</span> <span class='ocrx_word' id='word_1_258' title='bbox 1043 3268 1178 3331; x_wconf 91' lang='lat' dir='ltr'>Domini</span> <span class='ocrx_word' id='word_1_259' title='bbox 1202 3249 1406 3356; x_wconf 34' lang='grc' dir='ltr'>σοι-ἓξὲξ</span> 
     </span>
    </p>
   </div>
   <div class='ocr_carea' id='block_1_25' title="bbox 128 3367 1431 3553">
    <p class='ocr_par' dir='ltr' id='par_1_25' title="bbox 128 3367 1431 3553">
     <span class='ocr_line' id='line_1_30' title="bbox 128 3367 1417 3454; baseline -0.022 -18"><span class='ocrx_word' id='word_1_260' title='bbox 128 3369 214 3435; x_wconf 85' lang='lat' dir='ltr'>rexit</span> <span class='ocrx_word' id='word_1_261' title='bbox 228 3370 263 3434; x_wconf 92' lang='lat' dir='ltr'>in</span> <span class='ocrx_word' id='word_1_262' title='bbox 278 3368 465 3447; x_wconf 90' lang='lat' dir='ltr'>redditibus,</span> <span class='ocrx_word' id='word_1_263' title='bbox 477 3375 510 3434; x_wconf 92' lang='lat' dir='ltr'>et</span> <span class='ocrx_word' id='word_1_264' title='bbox 525 3370 560 3434; x_wconf 94' lang='lat' dir='ltr'>in</span> <span class='ocrx_word' id='word_1_265' title='bbox 575 3368 728 3445; x_wconf 74' lang='lat' dir='ltr'>adificiis,</span> <span class='ocrx_word' id='word_1_266' title='bbox 740 3374 773 3433; x_wconf 93' lang='lat' dir='ltr'>et</span> <span class='ocrx_word' id='word_1_267' title='bbox 788 3368 940 3444; x_wconf 89' lang='lat' dir='ltr'>ecclesiis,</span> <span class='ocrx_word' id='word_1_268' title='bbox 951 3367 1270 3454; x_wconf 68' lang='lat' dir='ltr'>possessionibusque</span> <span class='ocrx_word' id='word_1_269' title='bbox 1282 3367 1417 3428; x_wconf 65' lang='lat' dir='ltr'>raray-⁸11</span> 
     </span>
     <span class='ocr_line' id='line_1_31' title="bbox 128 3427 1431 3553; baseline -0.037 3"><span class='ocrx_word' id='word_1_270' title='bbox 128 3467 357 3552; x_wconf 54' lang='lat' dir='ltr'>adquirendi&amp;</span> <span class='ocrx_word' id='word_1_271' title='bbox 372 3488 471 3552; x_wconf 89' lang='lat' dir='ltr'>quam</span> <span class='ocrx_word' id='word_1_272' title='bbox 485 3467 653 3553; x_wconf 88' lang='lat' dir='ltr'>benignus,</span> <span class='ocrx_word' id='word_1_273' title='bbox 665 3488 763 3551; x_wconf 93' lang='lat' dir='ltr'>quam</span> <span class='ocrx_word' id='word_1_274' title='bbox 778 3465 921 3544; x_wconf 93' lang='lat' dir='ltr'>humilis,</span> <span class='ocrx_word' id='word_1_275' title='bbox 932 3487 1029 3550; x_wconf 91' lang='lat' dir='ltr'>quam</span> <span class='ocrx_word' id='word_1_276' title='bbox 1044 3467 1160 3553; x_wconf 84' lang='lat' dir='ltr'>largus,</span> <span class='ocrx_word' id='word_1_277' title='bbox 1172 3490 1269 3553; x_wconf 66' lang='lat' dir='ltr'>quam</span> <span class='ocrx_word' id='word_1_278' title='bbox 1281 3427 1431 3533; x_wconf 46' lang='lat' dir='ltr'>ffinhffisshffi</span> 
     </span>
    </p>
   </div>
   <div class='ocr_carea' id='block_1_26' title="bbox 129 3546 1430 3653">
    <p class='ocr_par' dir='ltr' id='par_1_26' title="bbox 129 3546 1430 3653">
     <span class='ocr_line' id='line_1_32' title="bbox 129 3546 1430 3653; baseline 0.004 -22"><span class='ocrx_word' id='word_1_279' title='bbox 129 3566 297 3644; x_wconf 88' lang='lat' dir='ltr'>discretus,</span> <span class='ocrx_word' id='word_1_280' title='bbox 311 3587 411 3651; x_wconf 91' lang='lat' dir='ltr'>quam</span> <span class='ocrx_word' id='word_1_281' title='bbox 424 3567 605 3632; x_wconf 89' lang='lat' dir='ltr'>misericors</span> <span class='ocrx_word' id='word_1_282' title='bbox 627 3567 764 3644; x_wconf 83' lang='lat' dir='ltr'>exstitit,</span> <span class='ocrx_word' id='word_1_283' title='bbox 778 3567 910 3650; x_wconf 90' lang='lat' dir='ltr'>penitus</span> <span class='ocrx_word' id='word_1_284' title='bbox 932 3567 1047 3631; x_wconf 84' lang='lat' dir='ltr'>referre</span> <span class='ocrx_word' id='word_1_285' title='bbox 1070 3590 1135 3633; x_wconf 94' lang='lat' dir='ltr'>non</span> <span class='ocrx_word' id='word_1_286' title='bbox 1157 3546 1430 3653; x_wconf 47' lang='lat' dir='ltr'>possu-{iflinssssfffry</span> 
     </span>
    </p>
   </div>
   <div class='ocr_carea' id='block_1_27' title="bbox 128 3663 1407 3768">
    <p class='ocr_par' dir='ltr' id='par_1_27' title="bbox 128 3663 1407 3768">
     <span class='ocr_line' id='line_1_33' title="bbox 128 3663 1407 3768; baseline -0.005 -37"><span class='ocrx_word' id='word_1_287' title='bbox 128 3686 212 3731; x_wconf 84' lang='lat' dir='ltr'>mua</span> <span class='ocrx_word' id='word_1_288' title='bbox 255 3665 385 3750; x_wconf 86' lang='lat' dir='ltr'>Viginti</span> <span class='ocrx_word' id='word_1_289' title='bbox 399 3664 539 3749; x_wconf 91' lang='lat' dir='ltr'>denique</span> <span class='ocrx_word' id='word_1_290' title='bbox 553 3667 596 3730; x_wconf 77' lang='lat' dir='ltr'>vi</span> <span class='ocrx_word' id='word_1_291' title='bbox 612 3666 706 3729; x_wconf 87' lang='lat' dir='ltr'>annis</span> <span class='ocrx_word' id='word_1_292' title='bbox 721 3671 755 3729; x_wconf 92' lang='lat' dir='ltr'>et</span> <span class='ocrx_word' id='word_1_293' title='bbox 777 3665 943 3729; x_wconf 91' lang='lat' dir='ltr'>mensibus</span> <span class='ocrx_word' id='word_1_294' title='bbox 958 3666 1023 3743; x_wconf 80' lang='lat' dir='ltr'>vii,</span> <span class='ocrx_word' id='word_1_295' title='bbox 1038 3666 1153 3731; x_wconf 91' lang='lat' dir='ltr'>diebus</span> <span class='ocrx_word' id='word_1_296' title='bbox 1175 3669 1270 3751; x_wconf 89' lang='lat' dir='ltr'>quin-</span> <span class='ocrx_word' id='word_1_297' title='bbox 1281 3663 1407 3768; x_wconf 38' lang='lat' dir='ltr'>{mi</span> 
     </span>
    </p>
   </div>
   <div class='ocr_carea' id='block_1_28' title="bbox 128 3764 1433 3885">
    <p class='ocr_par' dir='ltr' id='par_1_28' title="bbox 128 3764 1433 3885">
     <span class='ocr_line' id='line_1_34' title="bbox 128 3764 1433 3885; baseline -0.003 -56"><span class='ocrx_word' id='word_1_298' title='bbox 128 3764 245 3842; x_wconf 87' lang='lat' dir='ltr'>decim,</span> <span class='ocrx_word' id='word_1_299' title='bbox 273 3765 310 3828; x_wconf 92' lang='lat' dir='ltr'>in</span> <span class='ocrx_word' id='word_1_300' title='bbox 337 3764 493 3848; x_wconf 85' lang='lat' dir='ltr'>regimine</span> <span class='ocrx_word' id='word_1_301' title='bbox 521 3764 675 3849; x_wconf 87' lang='lat' dir='ltr'>pastorali</span> <span class='ocrx_word' id='word_1_302' title='bbox 704 3764 886 3837; x_wconf 88' lang='lat' dir='ltr'>transactis,</span> <span class='ocrx_word' id='word_1_303' title='bbox 917 3771 991 3847; x_wconf 91' lang='lat' dir='ltr'>post</span> <span class='ocrx_word' id='word_1_304' title='bbox 1027 3765 1199 3830; x_wconf 88' lang='lat' dir='ltr'>diuturnos</span> <span class='ocrx_word' id='word_1_305' title='bbox 1236 3772 1270 3830; x_wconf 90' lang='lat' dir='ltr'>et</span> <span class='ocrx_word' id='word_1_306' title='bbox 1280 3781 1433 3885; x_wconf 45' lang='lat' dir='ltr'>ministra-</span> 
     </span>
    </p>
   </div>
   <div class='ocr_carea' id='block_1_29' title="bbox 129 3898 1267 4536">
    <p class='ocr_par' dir='ltr' id='par_1_29' title="bbox 165 3898 1158 3954">
     <span class='ocr_line' id='line_1_35' title="bbox 165 3898 1158 3954; baseline 0 -1"><span class='ocrx_word' id='word_1_307' title='bbox 165 3899 387 3954; x_wconf 74' lang='lat' dir='ltr'>¹iaisiuaarted</span> <span class='ocrx_word' id='word_1_308' title='bbox 397 3900 467 3952; x_wconf 80' lang='lat' dir='ltr'>hare.</span> <span class='ocrx_word' id='word_1_309' title='bbox 973 3898 1158 3953; x_wconf 78' lang='lat' dir='ltr'>²aasenaionis.</span> 
     </span>
    </p>

    <p class='ocr_par' dir='ltr' id='par_1_30' title="bbox 129 3983 1267 4462">
     <span class='ocr_line' id='line_1_36' title="bbox 165 3983 1266 4037; baseline -0.003 0"><span class='ocrx_word' id='word_1_310' title='bbox 165 3984 280 4037; x_wconf 70' lang='lat' dir='ltr'>&#39;There</span> <span class='ocrx_word' id='word_1_311' title='bbox 297 3985 321 4036; x_wconf 86' lang='lat' dir='ltr'>is</span> <span class='ocrx_word' id='word_1_312' title='bbox 337 4001 410 4036; x_wconf 83' lang='lat' dir='ltr'>some</span> <span class='ocrx_word' id='word_1_313' title='bbox 428 3984 566 4037; x_wconf 77' lang='lat' dir='ltr'>confusion</span> <span class='ocrx_word' id='word_1_314' title='bbox 580 3983 663 4036; x_wconf 75' lang='lat' dir='ltr'>about</span> <span class='ocrx_word' id='word_1_315' title='bbox 682 3984 737 4036; x_wconf 81' lang='lat' dir='ltr'>this</span> <span class='ocrx_word' id='word_1_316' title='bbox 754 3984 824 4037; x_wconf 78' lang='lat' dir='ltr'>data</span> <span class='ocrx_word' id='word_1_317' title='bbox 862 3985 918 4036; x_wconf 85' lang='lat' dir='ltr'>The</span> <span class='ocrx_word' id='word_1_318' title='bbox 938 4002 1019 4036; x_wconf 87' lang='lat' dir='ltr'>nones</span> <span class='ocrx_word' id='word_1_319' title='bbox 1039 3986 1067 4035; x_wconf 81' lang='lat' dir='ltr'>oi</span> <span class='ocrx_word' id='word_1_320' title='bbox 1086 3986 1158 4036; x_wconf 81' lang='lat' dir='ltr'>June</span> <span class='ocrx_word' id='word_1_321' title='bbox 1179 3985 1202 4034; x_wconf 86' lang='lat' dir='ltr'>is</span> <span class='ocrx_word' id='word_1_322' title='bbox 1219 3985 1266 4035; x_wconf 80' lang='lat' dir='ltr'>the</span> 
     </span>
     <span class='ocr_line' id='line_1_37' title="bbox 130 4067 1266 4134; baseline -0.004 -13"><span class='ocrx_word' id='word_1_323' title='bbox 130 4068 195 4121; x_wconf 81' lang='lat' dir='ltr'>iiith</span> <span class='ocrx_word' id='word_1_324' title='bbox 205 4069 259 4134; x_wconf 71' lang='lat' dir='ltr'>day</span> <span class='ocrx_word' id='word_1_325' title='bbox 271 4068 300 4119; x_wconf 83' lang='lat' dir='ltr'>oi</span> <span class='ocrx_word' id='word_1_326' title='bbox 311 4067 390 4119; x_wconf 79' lang='lat' dir='ltr'>Juna</span> <span class='ocrx_word' id='word_1_327' title='bbox 427 4067 483 4120; x_wconf 89' lang='lat' dir='ltr'>But</span> <span class='ocrx_word' id='word_1_328' title='bbox 494 4067 524 4118; x_wconf 88' lang='lat' dir='ltr'>in</span> <span class='ocrx_word' id='word_1_329' title='bbox 540 4067 588 4119; x_wconf 91' lang='lat' dir='ltr'>the</span> <span class='ocrx_word' id='word_1_330' title='bbox 605 4083 670 4134; x_wconf 82' lang='lat' dir='ltr'>year</span> <span class='ocrx_word' id='word_1_331' title='bbox 690 4069 768 4130; x_wconf 79' lang='lat'>1148,</span> <span class='ocrx_word' id='word_1_332' title='bbox 781 4069 878 4119; x_wconf 80' lang='lat' dir='ltr'>Bastar</span> <span class='ocrx_word' id='word_1_333' title='bbox 895 4068 955 4133; x_wconf 80' lang='lat' dir='ltr'>Dsy</span> <span class='ocrx_word' id='word_1_334' title='bbox 968 4068 1014 4119; x_wconf 79' lang='lat' dir='ltr'>fell</span> <span class='ocrx_word' id='word_1_335' title='bbox 1033 4084 1066 4116; x_wconf 90' lang='lat' dir='ltr'>on</span> <span class='ocrx_word' id='word_1_336' title='bbox 1084 4067 1161 4131; x_wconf 81' lang='lat' dir='ltr'>April</span> <span class='ocrx_word' id='word_1_337' title='bbox 1183 4067 1266 4129; x_wconf 87' lang='lat' dir='ltr'>llth;</span> 
     </span>
     <span class='ocr_line' id='line_1_38' title="bbox 130 4149 1266 4218; baseline -0.003 -15"><span class='ocrx_word' id='word_1_338' title='bbox 130 4152 272 4204; x_wconf 75' lang='lat' dir='ltr'>Penteooat</span> <span class='ocrx_word' id='word_1_339' title='bbox 282 4151 475 4218; x_wconf 80' lang='lat' dir='ltr'>coussquantly</span> <span class='ocrx_word' id='word_1_340' title='bbox 487 4151 576 4203; x_wconf 70' lang='lat' dir='ltr'>would</span> <span class='ocrx_word' id='word_1_341' title='bbox 587 4151 636 4202; x_wconf 76' lang='lat' dir='ltr'>fall</span> <span class='ocrx_word' id='word_1_342' title='bbox 648 4168 683 4202; x_wconf 91' lang='lat' dir='ltr'>on</span> <span class='ocrx_word' id='word_1_343' title='bbox 696 4151 763 4216; x_wconf 75' lang='lat' dir='ltr'>May</span> <span class='ocrx_word' id='word_1_344' title='bbox 776 4151 850 4213; x_wconf 79' lang='lat' dir='ltr'>aoth,</span> <span class='ocrx_word' id='word_1_345' title='bbox 864 4151 916 4202; x_wconf 85' lang='lat' dir='ltr'>and</span> <span class='ocrx_word' id='word_1_346' title='bbox 935 4151 982 4201; x_wconf 86' lang='lat' dir='ltr'>the</span> <span class='ocrx_word' id='word_1_347' title='bbox 1002 4149 1137 4215; x_wconf 82' lang='lat' dir='ltr'>following</span> <span class='ocrx_word' id='word_1_348' title='bbox 1155 4149 1266 4216; x_wconf 81' lang='lat' dir='ltr'>Sundsy</span> 
     </span>
     <span class='ocr_line' id='line_1_39' title="bbox 129 4232 1267 4301; baseline -0.001 -16"><span class='ocrx_word' id='word_1_349' title='bbox 129 4251 167 4285; x_wconf 85' lang='lat' dir='ltr'>on</span> <span class='ocrx_word' id='word_1_350' title='bbox 176 4234 225 4287; x_wconf 79' lang='lat' dir='ltr'>tha</span> <span class='ocrx_word' id='word_1_351' title='bbox 235 4234 310 4287; x_wconf 75' lang='lat' dir='ltr'>sixtlr</span> <span class='ocrx_word' id='word_1_352' title='bbox 322 4234 351 4286; x_wconf 82' lang='lat' dir='ltr'>oi</span> <span class='ocrx_word' id='word_1_353' title='bbox 362 4233 440 4285; x_wconf 80' lang='lat' dir='ltr'>June.</span> <span class='ocrx_word' id='word_1_354' title='bbox 480 4233 693 4301; x_wconf 83' lang='lat' dir='ltr'>Indepandsntly</span> <span class='ocrx_word' id='word_1_355' title='bbox 705 4232 733 4285; x_wconf 82' lang='lat' dir='ltr'>oi</span> <span class='ocrx_word' id='word_1_356' title='bbox 744 4234 807 4297; x_wconf 85' lang='lat' dir='ltr'>this,</span> <span class='ocrx_word' id='word_1_357' title='bbox 820 4234 868 4286; x_wconf 85' lang='lat' dir='ltr'>tha</span> <span class='ocrx_word' id='word_1_358' title='bbox 881 4233 982 4285; x_wconf 79' lang='lat' dir='ltr'>Octava</span> <span class='ocrx_word' id='word_1_359' title='bbox 1003 4233 1031 4283; x_wconf 84' lang='lat' dir='ltr'>oi</span> <span class='ocrx_word' id='word_1_360' title='bbox 1051 4232 1231 4299; x_wconf 83' lang='lat' dir='ltr'>Whitsunday</span> <span class='ocrx_word' id='word_1_361' title='bbox 1243 4234 1267 4284; x_wconf 92' lang='lat' dir='ltr'>is</span> 
     </span>
     <span class='ocr_line' id='line_1_40' title="bbox 129 4315 1266 4384; baseline -0.003 -14"><span class='ocrx_word' id='word_1_362' title='bbox 129 4315 562 4384; x_wconf 56' lang='lat' dir='ltr'>numerumnunerum</span> <span class='ocrx_word' id='word_1_363' title='bbox 579 4316 688 4382; x_wconf 83' lang='lat' dir='ltr'>Sunday</span> <span class='ocrx_word' id='word_1_364' title='bbox 700 4317 770 4368; x_wconf 81' lang='lat' dir='ltr'>after</span> <span class='ocrx_word' id='word_1_365' title='bbox 789 4317 849 4368; x_wconf 80' lang='lat' dir='ltr'>that</span> <span class='ocrx_word' id='word_1_366' title='bbox 869 4317 896 4366; x_wconf 91' lang='lat' dir='ltr'>iu</span> <span class='ocrx_word' id='word_1_367' title='bbox 920 4318 987 4368; x_wconf 77' lang='lat'>1148</span> <span class='ocrx_word' id='word_1_368' title='bbox 1006 4315 1094 4366; x_wconf 83' lang='lat' dir='ltr'>would</span> <span class='ocrx_word' id='word_1_369' title='bbox 1115 4315 1183 4367; x_wconf 83' lang='lat' dir='ltr'>have</span> <span class='ocrx_word' id='word_1_370' title='bbox 1199 4317 1266 4369; x_wconf 87' lang='lat' dir='ltr'>been</span> 
     </span>
     <span class='ocr_line' id='line_1_41' title="bbox 130 4398 534 4462; baseline -0.002 -10"><span class='ocrx_word' id='word_1_371' title='bbox 130 4398 178 4451; x_wconf 78' lang='lat' dir='ltr'>the</span> <span class='ocrx_word' id='word_1_372' title='bbox 192 4400 266 4462; x_wconf 74' lang='lat' dir='ltr'>rach,</span> <span class='ocrx_word' id='word_1_373' title='bbox 278 4398 386 4452; x_wconf 82' lang='lat' dir='ltr'>nottho</span> <span class='ocrx_word' id='word_1_374' title='bbox 398 4399 534 4451; x_wconf 77' lang='lat' dir='ltr'>bthJuns.</span> 
     </span>
    </p>

    <p class='ocr_par' dir='ltr' id='par_1_31' title="bbox 167 4472 401 4536">
     <span class='ocr_line' id='line_1_42' title="bbox 167 4472 401 4536; baseline 0.004 -2"><span class='ocrx_word' id='word_1_375' title='bbox 167 4479 179 4515; x_wconf 80' lang='lat'>⁴</span> <span class='ocrx_word' id='word_1_376' title='bbox 195 4482 314 4536; x_wconf 69' lang='lat' dir='ltr'>wracen</span> <span class='ocrx_word' id='word_1_377' title='bbox 324 4472 401 4535; x_wconf 53' lang='lat' dir='ltr'>aad.</span> 
     </span>
    </p>
   </div>
   <div class='ocr_carea' id='block_1_30' title="bbox 0 0 1472 4986">
    <p class='ocr_par' dir='ltr' id='par_1_32' title="bbox 0 0 1472 4986">
     <span class='ocr_line' id='line_1_43' title="bbox 0 0 1472 4986; baseline 0 0"><span class='ocrx_word' id='word_1_378' title='bbox 0 0 1472 4986; x_wconf 95' lang='lat' dir='ltr'> </span> 
     </span>
    </p>
   </div>
  </div>
 </body>
</html>
