2916 4986
332 536 609 589 CARTULARIUM
627 536 832 589 ABBATEIAE
850 537 900 587 DE
917 536 1105 587 WHITEBY.
1275 526 1291 581 l

156 702 242 779 villa,
265 711 298 768 at
320 702 404 767 duas
426 708 591 767 carucatas
614 710 647 766 et
668 701 749 766 duas
770 703 904 766 bovatas
928 710 1019 765 tanae
1041 702 1076 764 in
1107 698 1293 774 Ncwalmm,

155 823 233 885 quas
245 804 422 867 donaverat
435 802 507 867 Deo
516 808 549 865 ct
564 802 692 866 Sanctae
704 801 824 885 Hyldae
839 802 1097 885 monasterioque
1109 801 1149 864 de
1160 800 1292 875 witebi,

156 902 188 965 in
211 903 422 967 elemosinam
444 908 643 986 perpetuam,
657 923 695 966 ea
717 902 931 966 conventione
951 908 989 964 ιιι
1011 902 1045 963 in
1069 899 1291 964 Midlesburch

156 1002 304 1066 monachi
329 1002 472 1085 praefatae
493 1001 646 1066 Ecclesia
670 1002 741 1066 Deo
769 1002 959 1084 Sanctaque
981 1001 1102 1085 Hyldae
1127 999 1292 1075 servirent,

156 1108 234 1183 quot
256 1102 349 1165 locus
371 1101 506 1165 honeste
528 1102 667 1165 retinere
690 1108 807 1184 posset,
823 1107 856 1166 et
880 1122 939 1185 pro
962 1122 998 1164 eo
1021 1105 1156 1175 orarent,
1179 1106 1212 1163 et
1233 1118 1292 1182 pro

155 1200 336 1265 haemdibus
351 1201 427 1278 suis,
442 1202 528 1266 sicut
550 1207 639 1264 carta
660 1201 750 1264 illius
772 1206 929 1265 testatur:
952 1202 1002 1263 Ex
1025 1200 1109 1263 dono
1131 1199 1291 1264 Johaunis

157 1300 315 1383 Ingeram,
341 1309 380 1363 ut
401 1299 500 1364 frater
521 1299 704 1384 specialiter
724 1300 815 1364 fieret
841 1300 986 1383 ejusdem
1009 1300 1071 1364 loci
1094 1301 1130 1363 in
1152 1298 1291 1362 oration·
1304 1307 1376 1411 from
1392 1304 1436 1352 ³01

156 1398 229 1462 ibus
244 1405 278 1463 et
300 1398 483 1463 elemosinis
504 1398 743 1475 monachorum,
759 1398 838 1462 duas
853 1398 941 1462 thofz
964 1400 999 1461 in
1015 1398 1126 1462 eadem
1140 1397 1237 1476 villa;
1259 1402 1292 1461 et
1318 1379 1408 1425 ugrum.

158 1516 274 1561 noveru
296 1519 385 1562 acras
400 1504 492 1562 ternae
513 1499 548 1561 in
564 1498 717 1582 Brigeflat
732 1497 831 1574 dedit,
847 1504 880 1561 et
901 1519 1106 1563 communem
1127 1503 1292 1581 pasturam

157 1594 193 1658 in
218 1596 332 1661 Fittis¹
357 1599 487 1662 Mersc:
524 1598 681 1663 Similiter
710 1619 750 1661 cx
775 1599 859 1662 dono
885 1598 1016 1661 Acclini
1041 1597 1116 1660 iiiior
1145 1617 1234 1661 acras
1260 1601 1293 1658 et

159 1694 344 1760 dimidiam:
374 1698 425 1760 Ex
452 1697 536 1761 dono
559 1698 688 1761 Anfridi
713 1718 813 1761 unam
834 1718 940 1761 acram
965 1702 1067 1773 terrae,
1091 1703 1123 1758 et
1146 1716 1187 1759 ex
1209 1696 1293 1758 dono

159 1794 287 1879 Rogerii
299 1797 359 1860 filii
370 1797 441 1880 ejus
456 1802 521 1861 tres
536 1818 624 1860 acras
639 1802 750 1861 terrae:
772 1796 822 1859 Ex
839 1796 922 1859 dono
935 1796 1066 1860 Roberti
1078 1795 1218 1872 Ramkil,
1228 1801 1293 1858 tres

159 1914 248 1958 acras
263 1902 296 1959 et
310 1917 408 1959 unam
423 1896 637 1980 pertiohatam
652 1904 763 1959 terrae:
785 1896 837 1958 Ex
852 1896 935 1958 dono
951 1894 1086 1958 Henrici
1102 1894 1206 1958 Malet
1220 1894 1294 1957 iiii⁰r

159 2014 248 2058 acras
262 2000 363 2071 lenm,
378 2001 410 2059 et
431 2016 546 2058 novem
562 2016 651 2058 acras
672 1996 708 2057 in
723 1994 883 2078 quoddam
900 1994 1115 2058 escambium:
1143 1994 1195 2056 Ex
1210 1994 1294 2058 dono

159 2092 330 2158 Willielmi
346 2094 385 2159 de
399 2094 536 2157 Aeolum
552 2099 585 2157 ct
608 2093 737 2159 Ceciliae
759 2094 872 2157 matris
887 2114 962 2170 suec,
977 2093 1054 2156 iiiior
1074 2114 1163 2158 acras
1184 2100 1294 2158 terrae:

158 2193 210 2256 Ex
226 2193 310 2257 dono
325 2192 453 2277 Rogerii
476 2193 585 2256 Kusin
600 2213 699 2255 unam
722 2212 827 2255 acram
850 2198 961 2256 terrae:
988 2194 1038 2255 Ex
1061 2192 1144 2255 dono
1167 2192 1294 2277 Rogerii

159 2291 201 2356 de
216 2294 359 2369 Martun,
370 2293 450 2356 duas
462 2313 550 2356 acras
562 2300 654 2356 terrae
665 2292 699 2354 in
713 2291 825 2355 eadem
835 2291 914 2354 villa
928 2316 934 2354 :
957 2292 1006 2355 Ex
1020 2292 1103 2356 dono
1116 2293 1295 2368 Willielmi,

158 2392 221 2455 lilii
245 2390 404 2467 Tosthini,
426 2391 506 2455 duas
528 2411 616 2455 acras
642 2391 678 2453 in
704 2390 855 2453 Martun:
888 2391 940 2455 Ex
960 2391 1043 2455 dono
1061 2391 1232 2455 Willielmi
1255 2392 1295 2456 de

158 2490 347 2565 Thameton,
361 2488 442 2553 duas
464 2509 552 2553 acras
575 2496 668 2552 terra:
683 2488 717 2551 in
740 2489 893 2552 Martun:
919 2489 970 2552 Ex
993 2489 1077 2554 dono
1099 2492 1232 2554 Roberti
1256 2491 1295 2555 de

159 2590 270 2665 Baius,
281 2610 379 2653 unam
391 2609 496 2653 acram
507 2589 542 2652 iu
555 2589 703 2654 Ormesbi
716 2613 723 2652 :
744 2589 795 2651 Ex
807 2589 892 2652 dono
904 2590 1034 2654 Roberti
1046 2591 1086 2655 de
1099 2590 1297 2669 Cleveland,²

159 2709 261 2752 unam
283 2708 388 2752 acram
403 2695 437 2752 et
458 2709 557 2752 uuam
571 2688 757 2774 perchatam
780 2695 872 2752 terrac
887 2690 922 2752 in
945 2690 1113 2754 Ormesbi:
1138 2691 1189 2753 Ex
1213 2692 1296 2754 dono

159 2788 323 2853 Warnerii
337 2787 377 2852 da
392 2788 566 2873 Uppesale,
581 2788 662 2853 duas
684 2809 773 2852 acras
787 2794 881 2853 terrae
903 2789 938 2851 in
953 2790 1122 2854 Onnesbi:
1148 2792 1198 2853 Er
1214 2791 1296 2853 dono

161 2888 302 2953 Unfredi
323 2888 363 2952 de
385 2887 509 2965 Hotun,
524 2895 559 2953 et
581 2888 754 2953 Sussannae
768 2889 878 2952 uxoris
900 2909 975 2965 suae,
990 2910 1088 2952 unam
1111 2909 1296 2953 mansuram

159 2988 198 3051 in
211 2988 362 3053 Hotune:
386 2986 438 3051 Ex
460 2987 544 3052 dono
566 2988 699 3051 Roberti
721 2988 866 3065 Fossard,
880 3008 979 3051 unam
1002 2993 1184 3052 carucatam
1206 2996 1298 3051 terrae

160 3088 199 3151 in
212 3087 371 3153 Roucebi:
393 3087 445 3151 Ex
460 3088 544 3151 dono
559 3088 692 3152 Roberti
707 3088 748 3152 de
762 3089 953 3172 Argentum,
965 3088 1045 3150 duas
1061 3088 1193 3149 bovatas
1204 3093 1298 3151 terrae

160 3186 199 3251 iu
223 3186 402 3273 Upplium:
429 3188 481 3251 Ex
507 3186 807 3253 donoItobertide
830 3186 1184 3262 Livertun,di1nidiam
1208 3207 1298 3251 caru·

162 3292 270 3351 catam
296 3292 399 3366 terra,
421 3286 493 3353 sine
516 3287 697 3372 danegeld‚l
722 3310 797 3353 cum
823 3289 1053 3353 additamentis
1080 3308 1160 3371 quas
1189 3288 1299 3353 Willi-

161 3382 268 3450 elmus
301 3386 456 3453 Deuanus
493 3386 587 3451 nobis
624 3386 826 3470 adquisivit:
869 3388 920 3450 Ex
957 3386 1041 3450 dono
1078 3386 1214 3450 Walteri
1259 3388 1299 3453 dc

161 3485 352 3569 Argentum,
363 3490 396 3551 et
407 3484 581 3550 Willielmi
592 3485 633 3550 de
644 3486 737 3551 Perci
752 3486 792 3550 de
804 3486 991 3562 Dunesleia,
1003 3495 1036 3551 et
1049 3486 1172 3551 Aalizae
1187 3490 1300 3554 matris

161 3582 409 3661 manebamus
431 3584 512 3649 duas
534 3586 667 3650 bovatas
682 3592 775 3650 terrae
788 3587 824 3649 in
847 3586 932 3651 Suht
946 3587 1117 3651 Lofthus⁴z
1143 3588 1195 3651 Ex
1216 3590 1300 3653 dono

161 3682 261 3767 primi
274 3682 446 3749 Willielmi
459 3683 619 3763 Wirlaud,
633 3685 801 3749 dimidiam
817 3691 998 3749 eamcatam
1013 3692 1105 3750 terrae
1120 3686 1155 3749 in
1171 3687 1300 3752 Hilder-

162 3780 258 3847 wells
282 3802 358 3848 curn
382 3802 450 3847 una
477 3803 652 3848 mansura:
688 3786 739 3848 Ex
769 3785 852 3849 dono
878 3785 1052 3849 Willielmi
1081 3787 1122 3850 de
1152 3786 1301 3850 Ochetun

162 3886 289 3965 partem
302 3880 472 3966 cujusdam
486 3902 647 3947 mansura
662 3884 697 3946 in
712 3882 826 3947 eadem
840 3884 928 3948 villa.
972 3886 995 3948 J
996 3906 1048 3948 am
1060 3886 1301 3949 numeravimus

163 3998 277 4045 omnes
290 3978 479 4047 donationes
501 4002 583 4066 quas
597 3982 724 4065 praefati
746 3983 897 4047 advocati
911 3986 1015 4048 nostri
1036 3984 1129 4048 nobis
1144 3983 1302 4048 dederunt

162 4080 201 4145 iu
214 4078 423 4147 elemosinam
437 4086 634 4166 perpetuam.

201 4226 213 4262 ¹
223 4226 301 4281 Ma
310 4228 460 4293 intarllaad,
472 4230 540 4282 arith
554 4248 570 4282 a
581 4230 659 4282 mark
676 4236 707 4283 ιο
719 4231 793 4283 slrow
801 4234 862 4283 that
874 4234 897 4284 it
909 4232 1005 4283 should
1018 4248 1090 4282 come
1102 4232 1193 4283 before
1206 4234 1302 4297 Mersa,

166 4308 196 4361 in
206 4308 297 4363 which
311 4328 372 4365 aue
388 4314 550 4381 deraquirea
561 4318 591 4365 to
608 4314 643 4366 be
655 4316 784 4382 supplied.
824 4322 840 4345 “
852 4316 929 4381 Fit-ty,
942 4333 958 4367 a
971 4322 1039 4367 torm
1057 4316 1162 4383 applied
1180 4322 1210 4369 to
1228 4318 1304 4369 landa

166 4390 219 4445 last
228 4390 267 4459 by
276 4394 324 4447 tlte
334 4410 381 4447 aaa
389 4413 399 4459 3
416 4396 509 4449 munh
518 4398 605 4461 lauda,
619 4398 890 4450 Linc.”-Hulliwell

203 4470 346 4531 written
357 4478 500 4541 masa
513 4480 566 4533 bnt
577 4481 644 4533 with
655 4498 689 4533 sn
702 4484 712 4533 a·
723 4481 867 4534 interlined
879 4482 963 4533 above
974 4482 1021 4533 the
1032 4482 1091 4534 first
1102 4499 1122 4535 a

207 4554 580 4627 'Blandumcldiutarlim
947 4564 1034 4617 ⁴Sulat
1045 4567 1196 4617 interlineal.
