2916 4986
346 542 619 595 CARTULARIUM
638 542 840 594 ABBATHIAE
856 543 905 594 DE
923 544 1109 595 WHITEBY.
1233 537 1295 594 287

158 706 322 771 mandatis
344 706 461 771 vestris
484 705 612 770 obedire
635 707 742 789 quoad
764 706 931 771 eeclesiam
946 706 986 772 de
1008 708 1149 791 Orossby
1163 710 1297 792 praedic-

156 813 235 884 tam,
250 826 381 871 securus
397 805 491 870 nobis
506 826 572 869 non
586 810 679 890 patet
700 826 846 870 accessus
861 826 917 889 pro
936 826 973 870 eo
988 806 1074 890 quod
1090 807 1171 870 dicti
1185 807 1296 872 Abbas

155 913 189 970 et
212 907 321 982 Gonu,
344 926 401 987 per
423 905 581 987 quosdam
604 924 687 982 suos,
710 904 955 969 executionibus
977 905 1203 970 mandatorum
1225 927 1295 970 ves-

160 1012 283 1068 trorum
299 1025 333 1068 se
343 1007 521 1087 opponunt,
530 1009 627 1087 prout
642 1003 722 1067 alias
732 1002 823 1067 vobis
838 1003 1027 1067 litteratorie
1036 1004 1297 1087 significavimus,

157 1103 310 1167 mandata
332 1107 441 1166 vestra
455 1102 491 1164 in
514 1102 610 1185 pleno
634 1101 786 1184 Capitulo
801 1102 1013 1179 Westmariae,
1028 1102 1114 1187 apud
1136 1103 1298 1187 Appelby,

158 1207 315 1284 tanquam
330 1201 366 1263 in
381 1200 452 1263 loco
466 1199 607 1282 publico,
619 1200 794 1283 Subpriore
809 1199 848 1263 de
857 1199 1016 1284 Whiteby
1030 1206 1063 1265 et
1075 1201 1248 1286 Capellano
1258 1201 1297 1265 de

159 1301 316 1384 Orosseby
333 1298 567 1363 Ravenswarth
589 1300 813 1383 praesentibus,
828 1299 949 1364 fuimus
968 1301 1101 1365 executi
1147 1301 1188 1363 In
1204 1302 1297 1383 cujus

160 1400 207 1462 rei
223 1405 296 1462 test.
312 1405 486 1481 praesentes
502 1398 625 1461 litteras
640 1397 732 1461 vobis
754 1397 1017 1462 transimittimus
1032 1404 1189 1482 patentes,
1211 1399 1297 1482 quod

159 1499 259 1563 etiam
296 1497 586 1562 concommissariis
616 1499 732 1562 vestris
768 1498 997 1582 significamus.
1056 1498 1181 1562 Datum
1211 1497 1297 1582 apud

162 1597 323 1681 Appelby,
338 1598 390 1661 die
406 1597 542 1662 Veneris
557 1597 704 1681 proximo
726 1602 800 1681 post
814 1597 835 1661 f.
851 1596 882 1660 S.
898 1596 1084 1661 Scelesticae
1098 1596 1243 1682 virginis,
1257 1598 1295 1660 A.

159 1699 200 1761 D.
217 1698 390 1762 millesimo
407 1696 628 1761 ducentesimo
643 1696 843 1780 sexagesimo
858 1701 980 1779 quarto.

189 1909 435 1975 CCCXXXIX.
458 1909 565 1972 Arnus
580 1924 678 1971 marra
692 1924 735 1971 na
750 1925 864 1972 nrnnu
879 1925 1027 1972 010000
1041 1924 1267 1972 1000000000

202 2059 285 2120 Αο10
305 2057 341 2120 10
354 2057 466 2143 vigilia
481 2056 709 2141 Apostolorum
732 2056 884 2140 Symonis
906 2062 938 2122 et
960 2059 983 2122 J
984 2058 1064 2135 udae,
1079 2058 1120 2123 A.
1134 2058 1175 2122 D.
1191 2058 1295 2123 mille·

160 2157 241 2219 simo
265 2155 482 2220 ducentesimo
506 2155 705 2240 sexagesimo
732 2160 855 2238 quarto,
877 2155 913 2218 in
940 2156 1083 2220 Ecclesia
1109 2155 1295 2221 Cathedrali

160 2255 366 2332 Kar-lielensi,
389 2275 494 2319 coram
520 2255 622 2331 nobis,
645 2254 728 2317 M'ro
755 2254 904 2331 Roberto,
926 2255 1061 2319 Rectore
1090 2253 1232 2320 ecclesiae
1255 2255 1295 2319 de

158 2355 306 2432 Dalston,
331 2353 435 2437 (1101)
461 2354 545 2437 juris
570 2354 717 2418 canonici
742 2353 933 2431 Professore,
954 2359 1083 2437 gerente
1108 2355 1196 2420 vices
1218 2355 1295 2418 D'ni

158 2455 277 2518 Prioris
290 2454 329 2518 (10
344 2455 482 2530 Bredon,
493 2453 615 2537 judicis
631 2474 650 2517 a
665 2453 747 2517 Sede
759 2452 946 2537 Apostolica
961 2452 1106 2537 delegati,
1117 2454 1296 2518 secundum

157 2556 292 2618 formam
307 2554 550 2618 constitutionis
572 2553 635 2616 sibi
657 2553 752 2617 factae
773 2553 809 2616 in
831 2552 928 2617 causa
949 2572 1006 2616 seu
1025 2553 1153 2637 negotio
1167 2573 1295 2618 revoca-

157 2654 255 2717 tionis
277 2660 397 2718 temere
419 2658 684 2733 attemptatorum
706 2656 739 2715 et
761 2651 988 2715 innovatorum
1010 2651 1046 2714 in
1071 2653 1294 2736 praejudicium

156 2753 314 2817 Willelmi
330 2752 370 2815 de
387 2750 560 2824 Sevenake,
575 2770 634 2814 seu
648 2751 688 2813 de
703 2752 803 2828 Kent,
819 2750 944 2827 Clerici,
959 2751 1108 2815 Rofensis
1126 2750 1295 2826 dioceseos,

157 2853 192 2914 in
208 2857 317 2915 nostra
331 2849 503 2932 praesentia
520 2849 698 2925 constituti,
711 2850 922 2932 personaliter
936 2850 1157 2934 comparentis
1202 2850 1294 2914 Post

158 2970 256 3031 quam
271 2949 357 3012 idem
373 2946 568 3023 Willelmus,
582 2968 678 3013 causa
699 2950 963 3033 peregrinationis
979 2955 1012 3014 et
1029 2949 1294 3033 proquibusdam

158 3047 294 3130 negotiis
317 3047 384 3110 suis
406 3046 632 3130 promovendis
654 3047 718 3112 iter
739 3049 875 3132 arripuit
889 3048 931 3112 ad
947 3048 1061 3113 Sedem
1075 3048 1295 3132 Apostolicam

157 3145 449 3209 veniendi—videl.
465 3165 539 3208 cum
554 3151 715 3210 constaret
730 3147 823 3210 nobis
845 3147 989 3231 legitime
1003 3147 1193 3232 praedictum
1208 3147 1293 3211 diem

157 3245 256 3309 fuisse
272 3244 486 3329 peremptorie
500 3245 669 3328 praefixum
684 3246 726 3309 ad
740 3247 954 3310 revocandum
969 3248 1100 3331 praecise
1115 3247 1144 3311 si
1157 3246 1295 3329 liqueret

158 3350 276 3409 temere
291 3350 484 3429 attemptata
506 3348 539 3409 et
561 3344 714 3409 innovata
737 3345 772 3408 10
794 3366 891 3410 causa
905 3367 1003 3429 quam
1024 3347 1196 3430 praedictus
1210 3345 1295 3409 Wil-

157 3444 273 3509 lelmus
304 3444 402 3509 habet
430 3464 527 3527 super
552 3443 686 3508 ecclesia
708 3444 748 3508 de
775 3444 941 3529 Orosseby,
964 3445 1097 3510 Karliol
1126 3447 1296 3521 dioceseos,

156 3565 231 3608 curn
256 3546 384 3609 Abbate
415 3550 448 3610 et
475 3545 574 3608 Conv.
603 3544 719 3608 Mon'ii
743 3543 783 3606 de
808 3543 975 3628 Whiteby,
999 3546 1035 3609 Ο.
1063 3546 1092 3609 S.
1118 3545 1296 3622 Benedicti,

156 3645 291 3708 Eboraci
313 3645 482 3720 dioceseos,
498 3650 671 3727 postquam
692 3642 780 3707 idem
801 3643 986 3708 Willelmus
1008 3644 1050 3708 ad
1071 3645 1185 3710 Sedem
1208 3645 1295 3729 Apo-

156 3745 303 3807 stolicam
318 3745 469 3809 veniendi
484 3745 547 3808 iter
561 3744 705 3827 arripuit,
720 3743 815 3827 praed.
831 3743 1016 3808 Willelmus
1032 3764 1073 3807 ex
1094 3744 1295 3808 habundanti

156 3843 305 3906 exhibuit
334 3845 369 3905 in
395 3844 519 3926 judicio
549 3863 656 3907 coram
683 3843 775 3907 nobis
801 3843 957 3926 quasdam
986 3842 1111 3906 litteras
1139 3849 1295 3925 patentes,

158 3941 263 4023 sigillo
279 3942 354 4004 M’ri
369 3943 498 4005 Thomae
514 3943 553 4006 de
568 3944 702 4025 Foveys‚
718 3941 842 4019 Clerici,
857 3943 892 4005 in
912 3942 1083 4024 praesentia
1098 3947 1205 4004 nostra
1221 3962 1294 4005 con-

156 4039 274 4114 stituti,
290 4040 373 4102 vivae
388 4041 476 4104 vocis
499 4040 627 4104 oraculo
641 4040 864 4105 testimonium
886 4039 953 4102 illia
974 4037 1078 4102 literis
1097 4039 1295 4122 perhibentis

156 4139 368 4222 procuratoris
390 4139 468 4201 D’ni
490 4138 718 4204 Archidiacom
741 4138 885 4214 Karliol.,
901 4143 996 4221 prout
1018 4138 1058 4201 de
1079 4141 1294 4222 procuratorio

156 4237 313 4314 constitit,
340 4238 491 4321 signatas,
515 4238 551 4300 in
580 4239 697 4320 quibus
727 4239 811 4302 inter
840 4237 904 4301 alia
933 4237 1159 4301 continebatur
1187 4237 1295 4302 tenor1

155 4337 335 4401 litterarum
360 4337 493 4402 Domini
517 4337 613 4421 Papae
636 4358 693 4421 per
717 4337 815 4422 praed.
840 4335 1017 4421 Religiosos
1039 4337 1080 4400 ad
1103 4336 1238 4401 Karliol.
1262 4343 1294 4402 et

669 4499 678 4534 ¹
697 4503 781 4554 tmcr'.
