2916 4986
301 532 572 588 GARTULARIUM
589 529 793 584 ABBATHIAE
810 529 860 581 DE
876 527 1065 581 WHITEBY.
1190 513 1251 572 219

387 783 528 851 OCOVI.
550 782 604 847 Dr
619 797 784 847 nocmsnn
798 796 842 844 nr
857 781 979 847 Soura

159 911 253 976 Omn.
263 909 295 975 S.
306 910 352 974 Μ.
361 907 514 973 Ecclesiae
528 906 614 983 filiis,
622 926 669 990 pr.
680 905 834 989 scriptum
850 905 908 971 vis.
924 905 977 970 vel
992 903 1074 982 aud„
1088 903 1254 968 Walterus

114 1009 155 1072 de
170 1008 268 1092 Gray,
280 1009 399 1073 Rector
409 1005 554 1071 ecclesiae
565 1005 605 1068 de
616 1003 749 1081 Semar,¹
760 1003 944 1068 salutemin
954 1002 1105 1069 Domino.
1118 1002 1255 1067 Noverit

114 1107 203 1172 univ.
230 1128 258 1172 v.
282 1127 335 1172 me
362 1105 465 1172 teneri
487 1104 610 1169 Abbati
632 1109 666 1167 et
689 1104 788 1169 Oonv.
815 1103 855 1168 de
877 1102 1032 1188 Whiteby
1053 1102 1088 1166 in
1110 1103 1255 1186 quinque

114 1207 231 1272 marcis
256 1206 384 1284 annuis,
407 1205 540 1270 nomine
564 1203 729 1288 pensionis
756 1202 877 1267 eisdem
901 1201 1020 1266 debitae
1045 1202 1087 1266 ab
1113 1200 1189 1266 eccl
1213 1201 1254 1264 de

116 1306 236 1383 Semar,
261 1306 354 1371 etin
378 1305 483 1369 tribus
507 1303 624 1368 marcis
647 1303 764 1366 annuis
785 1322 843 1385 pro
867 1301 1000 1366 decimis
1023 1301 1192 1385 garbarum
1214 1301 1255 1364 de

116 1405 277 1469 dominico
291 1403 437 1488 ejusdem
448 1403 544 1480 villae,
559 1422 639 1486 quas
650 1400 783 1485 promisi
799 1400 846 1465 eis
859 1399 998 1464 fideliter
1006 1419 1058 1464 me
1072 1399 1255 1463 soluturum

116 1504 157 1568 ad
172 1504 254 1568 duos
275 1503 353 1567 anni
368 1503 534 1578 terminos,
555 1505 755 1566 sacramento
777 1499 904 1564 interna
924 1503 1034 1562 mente
1056 1498 1256 1582 corporali-

116 1607 255 1686 quatuor
275 1602 372 1667 videl.
395 1623 436 1667 nu
451 1601 494 1666 ad
515 1601 607 1666 Pent.
630 1606 664 1664 et
684 1605 823 1682 quatuor
843 1619 884 1663 nu
908 1598 948 1662 ad
970 1598 991 1663 f.
1015 1598 1046 1663 S.
1062 1597 1198 1662 Martini
1219 1597 1255 1661 in

116 1720 219 1784 yeme.
264 1700 300 1765 si
325 1707 435 1765 eutem
456 1700 504 1764 ite
529 1698 700 1783 contigerit
722 1697 818 1781 quod,
839 1696 875 1760 in
898 1696 1007 1780 aliquo
1029 1696 1255 1780 praedictorum

117 1799 336 1877 terminorum,
344 1799 380 1863 in
389 1798 548 1863 solutione
557 1798 652 1862 dictae
661 1795 806 1881 pecuniae
816 1795 1124 1880 cessavero‚promisi
1133 1795 1255 1860 eisdem

118 1898 230 1962 decem
245 1917 367 1962 marces
381 1897 511 1962 nomine
525 1916 629 1980 poenae
642 1901 721 1973 rato,
736 1893 966 1959 nichilominus
981 1901 1131 1959 manente
1146 1894 1256 1958 debito

118 1995 301 2080 principali.
344 1996 388 2060 Et
409 1996 450 2061 ad
472 1996 537 2060 ista
558 1995 666 2059 omnia
687 1993 826 2058 fideliter
847 1993 1046 2058 observanda
1066 1992 1189 2076 subjeci
1203 2012 1255 2057 mo

116 2096 250 2179 praecise
268 2095 486 2179 jurisdictioni
507 2093 586 2158 D’ni
608 2092 769 2176 Archie’pi
791 2092 935 2169 Eboraci,
952 2092 1011 2175 qui
1031 2113 1089 2176 pro
1111 2098 1255 2175 tempora

116 2194 224 2271 fuerit,
246 2200 285 2258 ut
299 2194 369 2259 aine
391 2195 480 2258 omni
502 2193 640 2277 strepitu
658 2191 808 2276 judiciali
822 2192 925 2275 possit
939 2211 991 2256 me
1005 2211 1139 2256 censura
1154 2191 1256 2257 eccle·

116 2293 248 2358 siastica
262 2293 303 2358 ad
319 2293 523 2370 solutionem,
533 2300 601 2356 ta'm
615 2291 803 2376 principalis
815 2291 916 2356 debiti
931 2311 1029 2374 quam
1043 2310 1158 2374 poenae‚
1168 2311 1255 2356 com·

116 2390 243 2476 pellere.
289 2392 332 2455 In
346 2392 440 2474 cujus
462 2389 508 2454 rei
523 2390 746 2468 testimonium
760 2390 913 2474 praesenti
933 2389 1059 2474 paginae
1073 2389 1130 2475 sig.
1145 2411 1256 2455 meum

116 2490 259 2574 apposui
304 2490 382 2554 Hiis
393 2489 541 2554 testibus.
584 2489 669 2552 D'no
684 2487 1032 2572 Waltero,²Archie'po
1047 2490 1255 2555 Eboracense.

115 2588 267 2653 Dominis
283 2589 379 2653 Petro
398 2588 438 2652 de
453 2587 620 2665 Fikelden‚
636 2588 819 2672 Capellano.
864 2588 1030 2652 Willelmo
1045 2588 1085 2653 de
1100 2590 1255 2673 Langton,

117 2694 195 2751 tunc
211 2687 411 2752 cancellario
425 2687 560 2751 Domini
575 2687 793 2752 Eboracensis.
830 2686 1007 2769 Reginaldo
1023 2687 1155 2751 Clerico.
1171 2688 1255 2772 (88¹³)

116 2786 223 2851 Alano
234 2787 274 2852 de
291 2787 395 2851 Heser
416 2837 423 2851 .
444 2835 451 2851 .
474 2786 495 2851 .⁸
514 2787 596 2850 M'ro
611 2786 788 2870 Reginaldo
803 2785 843 2849 de
858 2785 1058 2868 Fykewerd.⁴
1094 2786 1256 2850 Michaele

117 2886 157 2950 de
168 2885 361 2965 Hamstede3
380 2891 413 2949 et
425 2885 507 2950 aliis.
541 2885 662 2949 Actum
674 2884 713 2950 Α.
724 2886 762 2950 G.
772 2883 951 2962 millesimo,
960 2903 1005 2960 cc,
1014 2884 1256 2968 quadragesimo

118 2989 218 3061 sexto,
232 2984 348 3067 quinto
363 2983 518 3048 kalendas
533 2983 706 3048 Februarii

449 3184 610 3250 cccvn.
633 3185 721 3249 Amr
735 3199 779 3248 nn
794 3183 931 3250 Srnma.⁵

162 3322 247 3384 Acta
280 3319 315 3383 in
351 3320 466 3405 majori
502 3322 638 3387 ecclesie
673 3322 893 3387 lincolniensi
928 3321 965 3386 in
999 3322 1138 3388 crastino
1172 3323 1257 3389 curi-

119 3440 219 3496 arum,
245 3420 284 3485 Α
312 3420 350 3485 G.
376 3420 560 3499 millesimo,
589 3442 634 3499 co,
663 3421 699 3485 xl
728 3429 829 3499 sexto,
859 3442 966 3486 coram
995 3421 1194 3488 Cancellerio
1223 3430 1257 3488 et

113 3518 277 3603 ‘Magistro
300 3520 456 3584 stolarum
478 3520 665 3597 Lincolniae,
683 3520 848 3604 judicibus
864 3521 981 3586 aD'no
999 3521 1088 3605 Papa
1102 3522 1257 3606 delegatis

116 3617 152 3680 in
168 3638 264 3683 causa
280 3640 352 3703 quae
366 3619 505 3684 vertitur
525 3619 613 3683 inter
627 3619 789 3683 Abbatem
811 3625 844 3683 et
867 3619 966 3685 Conv.
981 3619 1021 3685 de
1036 3619 1201 3704 Whiteby,
1216 3642 1257 3686 ex

117 3737 183 3781 una
205 3725 305 3801 parte,
320 3724 353 3782 et
375 3719 497 3782 D'num
512 3718 694 3783 Walterum
709 3717 749 3782 de
765 3717 863 3802 Gray,
877 3719 1045 3784 Rectorem
1060 3721 1202 3785 ecclesiae
1217 3720 1257 3784 de

117 3815 236 3890 Semar,
257 3836 297 3879 ex
323 3817 432 3893 altera,
451 3837 509 3899 per
537 3822 755 3900 procuratores
781 3816 926 3900 legitime
952 3819 1144 3882 constitutos
1171 3839 1257 3882 com-

116 3913 406 3995 parentes-videl.
423 3935 497 3978 cum
512 3914 607 3979 datus
621 3921 707 3979 esset
721 3914 799 3992 dies,
814 3915 899 3978 sicut
914 3916 1060 3979 constitit
1081 3936 1139 3999 per
1158 3922 1257 3980 retro·

152 4072 161 4105 ¹
180 4073 229 4124 See
241 4073 289 4124 the
302 4078 356 4125 two
370 4079 435 4126 next
446 4075 535 4138 dceda,
549 4077 601 4127 and
617 4077 672 4127 also
687 4077 749 4128 Noe
764 4078 824 4138 551,
839 4078 900 4128 552.

152 4155 303 4208 ²Written
331 4158 459 4213 Willelmo.
497 4159 553 4210 The
573 4160 635 4212 date
657 4160 748 4211 makes
768 4160 791 4211 it
803 4159 873 4210 clear
892 4158 955 4211 that
973 4159 995 4209 it
1016 4158 1039 4210 is
1056 4175 1086 4210 so
1099 4159 1208 4211 written
1226 4162 1255 4213 in

115 4257 195 4292 error.
234 4241 341 4291 Walter
353 4241 387 4290 de
400 4241 472 4306 Gray
486 4257 540 4293 was
551 4243 721 4308 Archbishop
733 4243 802 4293 from
817 4245 885 4295 1216
898 4247 928 4293 to
942 4243 1019 4295 1255.

152 4322 163 4356 ³
181 4325 345 4401 Thissname
367 4325 461 4376 stands
479 4325 561 4377 Gsell’
583 4342 612 4378 ss
633 4327 761 4387 written3
789 4325 816 4376 in
838 4325 886 4377 the
907 4325 1044 4393 following
1066 4325 1210 4378 document
1234 4329 1257 4380 it

118 4423 227 4473 appears
240 4405 325 4458 under
336 4408 384 4459 the
396 4408 465 4459 form
478 4409 570 4461 Hescr.
687 4407 698 4442 ⁴
718 4409 847 4474 Pykrourd
859 4409 886 4459 in
899 4409 945 4461 the
957 4409 1094 4478 following
1106 4410 1254 4466 document.

153 4489 164 4523 ⁶
182 4491 230 4542 See
243 4492 385 4561 preceding
397 4492 546 4545 document.
