2916 4986
408 510 696 565 mruouuurosx
714 511 912 564 OHAPTERS.
1109 495 1224 558 xxxvii

82 680 254 751 sumerent,
280 695 348 757 quo
371 696 430 740 nos
454 676 615 761 refugium
638 676 770 760 aliquod
793 676 984 759 professioni
1008 685 1126 740 nostrae
1148 695 1224 739 con-

81 795 195 856 gruum
211 774 276 837 sub
291 774 398 857 ipsius
412 775 509 859 Regis
524 796 623 839 manu
638 784 672 839 et
687 776 810 840 ditione
822 776 938 840 habere
953 775 1168 859 agnovissent.

125 873 276 955 Cumque
283 878 360 955 post
374 872 443 937 haec
458 873 739 958 op[p]ortunitatis
750 882 880 959 tempus
890 875 1097 957 adessetque
1107 894 1222 937 manus

82 971 279 1054 pontificalis
302 972 543 1054 impositionem
570 980 604 1037 et
618 973 758 1037 Abbatis
779 973 1039 1038 benedictionem
1063 973 1223 1055 suscipere

83 1070 242 1146 deberem,
265 1070 367 1133 subiit
389 1070 497 1134 animo
519 1078 558 1135 ut
576 1071 618 1135 ad
640 1072 842 1153 Lecticpbam
864 1073 953 1148 irem,
975 1073 1052 1155 quia
1073 1073 1134 1136 sub
1156 1072 1224 1135 sola

84 1169 180 1252 Regis
195 1177 358 1254 potestate
373 1177 441 1234 erat
462 1170 638 1235 monachus
660 1172 831 1254 protessus,
846 1171 988 1255 ejusdem
1012 1192 1140 1254 quoque
1159 1171 1223 1235 loci

84 1269 195 1332 Abbas
210 1289 420 1335 consecraret.
465 1269 546 1346 Quae
560 1291 610 1334 res
620 1271 741 1353 pariter
752 1271 849 1334 etiam
859 1271 1097 1354 congregationi
1105 1278 1224 1334 nostrae

85 1374 118 1430 et
132 1367 198 1449 ipsi
213 1368 304 1451 Regi,
316 1367 510 1451 dominoque
524 1369 649 1433 11111111
660 1369 910 1453 Archiepiscopo
925 1377 1043 1446 nostro,
1054 1391 1178 1434 necnon
1191 1378 1224 1434 et

86 1466 237 1530 omnibus
251 1487 391 1549 quorum
405 1467 482 1533 inde
496 1468 668 1532 consilium
688 1469 878 1551 quaerebam,
893 1469 978 1532 bona
993 1476 1026 1533 et
1047 1469 1138 1532 utilis
1153 1469 1224 1532 visa

87 1573 143 1641 est,
172 1585 211 1629 ac
240 1565 383 1644 tandem,
412 1573 542 1631 auctore
567 1568 647 1644 Deo,
672 1567 803 1649 illisque
833 1567 1026 1643 volentibus,
1052 1587 1155 1649 usque
1181 1566 1222 1629 ad

85 1671 194 1728 actum
216 1665 380 1748 perducta
433 1666 480 1729 At
502 1687 577 1729 vero
599 1666 790 1748 saepedictus
813 1666 997 1741 Willclmas,
1019 1666 1103 1729 siout
1126 1671 1234 1747 antea¹

85 1771 303 1841 consueverat,
333 1769 367 1828 et
396 1770 508 1848 postea
537 1786 665 1848 quoque
694 1764 861 1828 molestior
890 1764 982 1827 nobis
1012 1769 1045 1828 et
1070 1762 1223 1828 adversus

85 1862 292 1927 vehementer
306 1863 474 1939 existebat,
489 1869 587 1946 atque
598 1868 636 1926 ut
651 1862 776 1927 dictum
787 1867 845 1937 est,
856 1860 896 1925 de
907 1862 1028 1945 praedio
1040 1881 1099 1925 suo
1110 1861 1146 1924 in
1158 1883 1222 1945 quo

86 1960 191 2024 adhue
200 1961 463 2025 conventiculum
478 1968 624 2025 nostrum
637 1961 781 2044 degebat,
789 1961 894 2024 modis
906 1961 1055 2024 omnibus
1063 1961 1223 2043 expellere

85 2059 258 2123 laborabat
303 2059 401 2124 Unde
415 2080 482 2143 ego,
497 2060 599 2122 nimio
614 2059 722 2123 dolore
737 2059 913 2143 perculsus,
920 2060 1117 2142 justiciarius
1131 2060 1223 2145 regni

86 2157 184 2241 hujus
212 2160 399 2242 frequenter
427 2160 524 2237 adire,
553 2159 716 2223 miseriam
750 2165 892 2222 nostram
923 2167 956 2224 et
985 2161 1222 2243 oppressionem

85 2256 263 2320 multorum
284 2258 415 2321 auribus
436 2258 610 2334 insinuare,
636 2264 667 2320 et
688 2256 845 2320 auxilium
869 2277 980 2321 versus
1006 2260 1223 2342 opprimentes

85 2375 144 2418 nos
155 2354 300 2439 flagitare
310 2356 496 2440 compulsus
507 2376 600 2434 sum3
622 2356 679 2420 sed
690 2376 796 2440 neque
805 2357 851 2419 ita
860 2357 1035 2440 quicquam
1044 2360 1223 2441 proficiens,

84 2455 217 2518 taudem
231 2475 334 2538 usque
349 2456 384 2518 in
400 2455 643 2531 Narmanniam,
658 2456 693 2518 in
708 2476 773 2537 qua
788 2455 858 2519 Rex
872 2455 970 2520 simul
993 2464 1026 2521 et
1048 2458 1222 2521 Willclmus

85 2554 121 2615 da
136 2554 249 2636 Percey
262 2561 342 2617 tunc
357 2554 438 2618 forte
453 2554 668 2630 morabantur,
683 2554 897 2630 transfretare,
913 2562 947 2618 et
961 2556 1099 2639 qualiter
1113 2565 1223 2620 nostra

86 2652 208 2735 inpace
218 2651 350 2715 altanus
359 2651 711 2735 haberemus,precibus
721 2653 807 2735 apud
818 2653 984 2736 Regem,et
992 2656 1096 2719 modis
1104 2656 1222 2738 quibus

86 2759 239 2833 poteram,
249 2758 391 2834 satagere
401 2752 557 2828 consulet
566 2752 612 2815 ita
621 2752 897 2835 demum‚accepte
907 2754 995 2835 pacis
1004 2754 1223 2837 chirographo,

87 2849 128 2912 ad
142 2849 435 2933 propriareversus,
449 2870 515 2912 non
529 2849 626 2933 longo
637 2857 779 2931 tempore
791 2870 865 2913 eum
876 2851 1039 2915 nostriset
1053 2852 1093 2915 de
1104 2853 1222 2915 nostris

86 2967 198 3029 pacem
207 2948 343 3031 optinui
366 2949 496 3012 Exarsit
507 2949 628 3031 quippe
639 2969 679 3012 ex
689 2969 725 3010 eo
735 2955 878 3031 tempore
887 2949 991 3011 multo
1000 2949 1223 3013 vehementius

88 3047 257 3110 adversum
273 3068 331 3111 nos
353 3048 482 3111 animus
503 3055 535 3110 et
556 3048 604 3110 ira
623 3047 782 3124 Willclma,
797 3055 831 3110 et
853 3048 1075 3130 quoadusque
1093 3048 1223 3129 penitus

86 3166 144 3209 nos
170 3146 211 3209 de
235 3146 422 3230 Wittebeya
448 3146 628 3229 effugasset,
649 3166 761 3228 pacem
786 3145 976 3209 diuturnam
1002 3144 1055 3208 vel
1080 3145 1222 3227 quietem

83 3246 201 3310 habere
217 3267 282 3309 non
296 3246 451 3329 permisit.
498 3245 585 3322 Quid
600 3245 728 3309 multat
771 3245 848 3308 Hiis
864 3265 1003 3327 namque
1018 3245 1222 3328 exigentibus

82 3346 197 3421 causis,
213 3352 373 3428 postremo
395 3353 463 3408 tem
478 3344 699 3427 ingruentium
721 3364 943 3428 pressurarum
957 3344 1053 3427 longa
1074 3344 1223 3411 molestia

81 3444 196 3520 attriti,
223 3463 321 3526 quam
346 3443 528 3507 inevitabili
553 3443 672 3506 totiens
698 3442 866 3506 memorati
892 3442 1044 3506 Willalma'
1069 3444 1224 3509 violentia

83 3543 195 3619 coacti,
208 3544 277 3627 jam
291 3542 421 3626 publice
443 3550 477 3606 et
498 3542 619 3625 injuste
634 3541 741 3604 ablata
764 3542 856 3605 nobis
871 3542 1065 3625 Wittebeya,
1087 3544 1128 3606 ad
1142 3564 1223 3627 prae-

85 3643 211 3707 dictum
240 3643 347 3705 locum
378 3641 436 3725 qui
462 3641 583 3705 dicitur
612 3641 847 3724 Lastingeham,
876 3641 923 3704 ibi
949 3642 1064 3705 saltem
1094 3663 1223 3707 manere

86 3741 263 3825 cupientes,
285 3762 342 3824 per
367 3741 545 3824 jussionem
568 3741 665 3823 Regis
695 3739 1002 3823 transmigravimus.
1061 3741 1124 3806 Sed
1146 3743 1223 3824 quia

86 3860 154 3904 uon
175 3845 225 3904 est
240 3839 293 3903 via
307 3840 448 3903 hominis
470 3839 506 3902 in
521 3859 620 3902 manu
640 3839 720 3921 ejus,
734 3838 828 3902 aliter
850 3838 889 3902 de
904 3840 997 3904 nobis
1019 3840 1223 3923 omnipotens

86 3939 177 4002 Deus
200 3937 400 4021 disponebat,
415 3945 449 4001 et
470 3958 543 4020 quae
559 3937 743 4019 corporibus
765 3937 997 4020 animabusque
1020 3938 1136 4000 nostris
1152 3959 1223 4021 pro-

87 4037 199 4101 futura
224 4038 259 4100 in
282 4041 476 4120 perpetuum
501 4041 594 4101 erant
618 4034 789 4098 salubriter
811 4036 1020 4117 praeparabat.
1065 4035 1152 4098 Nam
1176 4037 1225 4100 ibi

87 4157 225 4221 quoque,
268 4135 377 4201 nescio
415 4156 479 4219 quo
519 4135 584 4199 Dei
617 4135 750 4217 jndicio,
791 4133 932 4198 latrones
973 4134 1223 4219 circumquaque

88 4235 353 4319 debac[e]hantas
393 4256 452 4298 nos
489 4234 651 4319 persecuti
691 4240 778 4310 sunt,
815 4240 848 4296 et
885 4253 936 4296 res
975 4240 1099 4296 nostras
1140 4254 1224 4318 saepe

87 4336 259 4418 rapientes,
273 4354 408 4398 moerore
422 4334 600 4398 inedicibili
615 4333 710 4397 corda
725 4340 834 4396 nostra
848 4333 1067 4415 perfuderunt.

132 4433 190 4499 IV.
213 4434 316 4498 There
326 4432 356 4497 is
370 4439 451 4497 next
461 4433 516 4497 the
528 4432 663 4496 1111111111
674 4432 709 4495 ol
723 4430 778 4495 the
790 4431 932 4494 troubles
944 4430 1049 4494 which
1060 4430 1157 4494 befell
1167 4431 1223 4496 the
