<?xml version="1.0" encoding="UTF-8"?>
<!DOCTYPE html PUBLIC "-//W3C//DTD XHTML 1.0 Transitional//EN"
    "http://www.w3.org/TR/xhtml1/DTD/xhtml1-transitional.dtd">
<html xmlns="http://www.w3.org/1999/xhtml" xml:lang="en" lang="en">
 <head>
  <title>
</title>
<meta http-equiv="Content-Type" content="text/html;charset=utf-8" />
  <meta name='ocr-system' content='tesseract 3.04.00' />
  <meta name='ocr-capabilities' content='ocr_page ocr_carea ocr_par ocr_line ocrx_word'/>
</head>
<body>
  <div class='ocr_page' id='page_1' title='image "./cartulariumabba00abbegoog_0219.png"; bbox 0 0 2916 4986; ppageno 0'>
   <div class='ocr_carea' id='block_1_1' title="bbox 159 486 1105 548">
    <p class='ocr_par' dir='ltr' id='par_1_1' title="bbox 159 486 1105 548">
     <span class='ocr_line' id='line_1_1' title="bbox 159 486 1105 548; baseline -0.002 -5"><span class='ocrx_word' id='word_1_1' title='bbox 159 486 218 543; x_wconf 80' lang='grc'>120</span> <span class='ocrx_word' id='word_1_2' title='bbox 336 494 611 548; x_wconf 65' lang='lat' dir='ltr'>claromonti</span> <span class='ocrx_word' id='word_1_3' title='bbox 630 493 833 546; x_wconf 70' lang='lat' dir='ltr'>ABBATHLE</span> <span class='ocrx_word' id='word_1_4' title='bbox 852 493 902 543; x_wconf 78' lang='lat' dir='ltr'>Dr:</span> <span class='ocrx_word' id='word_1_5' title='bbox 918 490 1105 542; x_wconf 75' lang='lat' dir='ltr'>WHITEBY.</span> 
     </span>
    </p>
   </div>
   <div class='ocr_carea' id='block_1_2' title="bbox 155 654 1296 1921">
    <p class='ocr_par' dir='ltr' id='par_1_2' title="bbox 155 654 1296 1921">
     <span class='ocr_line' id='line_1_2' title="bbox 156 654 1295 740; baseline -0.006 -18"><span class='ocrx_word' id='word_1_6' title='bbox 156 681 305 724; x_wconf 84' lang='lat' dir='ltr'>concessa</span> <span class='ocrx_word' id='word_1_7' title='bbox 327 672 403 723; x_wconf 86' lang='lat' dir='ltr'>suut</span> <span class='ocrx_word' id='word_1_8' title='bbox 425 660 539 724; x_wconf 86' lang='lat' dir='ltr'>usibus</span> <span class='ocrx_word' id='word_1_9' title='bbox 560 658 753 722; x_wconf 79' lang='lat' dir='ltr'><strong>omnimodis</strong></span> <span class='ocrx_word' id='word_1_10' title='bbox 776 659 953 740; x_wconf 77' lang='lat' dir='ltr'>profutura,</span> <span class='ocrx_word' id='word_1_11' title='bbox 978 655 1068 719; x_wconf 74' lang='lat' dir='ltr'>salta</span> <span class='ocrx_word' id='word_1_12' title='bbox 1091 654 1183 719; x_wconf 83' lang='lat' dir='ltr'>Sedis</span> <span class='ocrx_word' id='word_1_13' title='bbox 1207 656 1295 737; x_wconf 73' lang='lat' dir='ltr'>Apo</span> 
     </span>
     <span class='ocr_line' id='line_1_3' title="bbox 155 753 1296 840; baseline -0.006 -18"><span class='ocrx_word' id='word_1_14' title='bbox 155 759 276 823; x_wconf 73' lang='lat' dir='ltr'>stoliczc</span> <span class='ocrx_word' id='word_1_15' title='bbox 291 761 491 833; x_wconf 87' lang='lat' dir='ltr'>auctoritate,</span> <span class='ocrx_word' id='word_1_16' title='bbox 506 767 540 823; x_wconf 87' lang='lat' dir='ltr'>et</span> <span class='ocrx_word' id='word_1_17' title='bbox 554 758 716 823; x_wconf 80' lang='lat' dir='ltr'>diocesani</span> <span class='ocrx_word' id='word_1_18' title='bbox 731 757 884 840; x_wconf 81' lang='lat' dir='ltr'>Episcopi</span> <span class='ocrx_word' id='word_1_19' title='bbox 903 756 1057 819; x_wconf 88' lang='lat' dir='ltr'>canoniea</span> <span class='ocrx_word' id='word_1_20' title='bbox 1076 755 1214 837; x_wconf 85' lang='lat' dir='ltr'>justitia</span> <span class='ocrx_word' id='word_1_21' title='bbox 1259 753 1296 816; x_wconf 88' lang='lat' dir='ltr'>Si</span> 
     </span>
     <span class='ocr_line' id='line_1_4' title="bbox 156 851 1295 941; baseline -0.006 -22"><span class='ocrx_word' id='word_1_22' title='bbox 156 878 219 941; x_wconf 89' lang='lat' dir='ltr'>qua</span> <span class='ocrx_word' id='word_1_23' title='bbox 242 859 341 940; x_wconf 74' lang='lat' dir='ltr'>igitur</span> <span class='ocrx_word' id='word_1_24' title='bbox 363 859 396 921; x_wconf 91' lang='lat' dir='ltr'>in</span> <span class='ocrx_word' id='word_1_25' title='bbox 421 860 566 921; x_wconf 83' lang='lat' dir='ltr'>futurum</span> <span class='ocrx_word' id='word_1_26' title='bbox 582 857 796 921; x_wconf 75' lang='lat' dir='ltr'>ecclesiastica</span> <span class='ocrx_word' id='word_1_27' title='bbox 818 853 1036 918; x_wconf 71' lang='lat' dir='ltr'>sacularisre¹</span> <span class='ocrx_word' id='word_1_28' title='bbox 1052 873 1196 936; x_wconf 88' lang='lat' dir='ltr'>persona,</span> <span class='ocrx_word' id='word_1_29' title='bbox 1210 851 1295 914; x_wconf 90' lang='lat' dir='ltr'>hauc</span> 
     </span>
     <span class='ocr_line' id='line_1_5' title="bbox 155 950 1294 1039; baseline -0.006 -21"><span class='ocrx_word' id='word_1_30' title='bbox 155 963 272 1019; x_wconf 75' lang='lat' dir='ltr'>nostrae</span> <span class='ocrx_word' id='word_1_31' title='bbox 288 956 527 1019; x_wconf 76' lang='lat' dir='ltr'>constitutionis</span> <span class='ocrx_word' id='word_1_32' title='bbox 543 955 693 1039; x_wconf 81' lang='lat' dir='ltr'>paginam</span> <span class='ocrx_word' id='word_1_33' title='bbox 709 954 824 1028; x_wconf 83' lang='lat' dir='ltr'>sciens,</span> <span class='ocrx_word' id='word_1_34' title='bbox 837 960 949 1016; x_wconf 85' lang='lat' dir='ltr'>contra</span> <span class='ocrx_word' id='word_1_35' title='bbox 964 972 1036 1015; x_wconf 87' lang='lat' dir='ltr'>eam</span> <span class='ocrx_word' id='word_1_36' title='bbox 1051 956 1170 1014; x_wconf 87' lang='lat' dir='ltr'>temere</span> <span class='ocrx_word' id='word_1_37' title='bbox 1185 950 1294 1013; x_wconf 75' lang='lat' dir='ltr'>venire</span> 
     </span>
     <span class='ocr_line' id='line_1_6' title="bbox 155 1049 1294 1138; baseline -0.008 -19"><span class='ocrx_word' id='word_1_38' title='bbox 155 1058 371 1138; x_wconf 80' lang='lat' dir='ltr'>temptaverit,</span> <span class='ocrx_word' id='word_1_39' title='bbox 393 1056 534 1119; x_wconf 86' lang='lat' dir='ltr'>secundo</span> <span class='ocrx_word' id='word_1_40' title='bbox 555 1055 690 1119; x_wconf 77' lang='lat' dir='ltr'>tertiove</span> <span class='ocrx_word' id='word_1_41' title='bbox 712 1053 915 1125; x_wconf 87' lang='lat' dir='ltr'>commonita,</span> <span class='ocrx_word' id='word_1_42' title='bbox 938 1052 1054 1114; x_wconf 90' lang='lat' dir='ltr'>sinon</span> <span class='ocrx_word' id='word_1_43' title='bbox 1076 1049 1294 1112; x_wconf 76' lang='lat' dir='ltr'>satisfactione</span> 
     </span>
     <span class='ocr_line' id='line_1_7' title="bbox 156 1149 1295 1238; baseline -0.005 -23"><span class='ocrx_word' id='word_1_44' title='bbox 156 1175 295 1238; x_wconf 81' lang='lat' dir='ltr'>congma</span> <span class='ocrx_word' id='word_1_45' title='bbox 310 1154 536 1229; x_wconf 77' lang='lat' dir='ltr'>emendaverit,</span> <span class='ocrx_word' id='word_1_46' title='bbox 551 1153 720 1236; x_wconf 86' lang='lat' dir='ltr'>potestatis</span> <span class='ocrx_word' id='word_1_47' title='bbox 735 1151 929 1233; x_wconf 85' lang='lat' dir='ltr'>honorisque</span> <span class='ocrx_word' id='word_1_48' title='bbox 941 1150 992 1213; x_wconf 88' lang='lat' dir='ltr'>sui</span> <span class='ocrx_word' id='word_1_49' title='bbox 1007 1149 1165 1232; x_wconf 79' lang='lat' dir='ltr'>dignitate</span> <span class='ocrx_word' id='word_1_50' title='bbox 1179 1156 1295 1221; x_wconf 87' lang='lat' dir='ltr'>careat,</span> 
     </span>
     <span class='ocr_line' id='line_1_8' title="bbox 157 1247 1293 1335; baseline -0.005 -20"><span class='ocrx_word' id='word_1_51' title='bbox 157 1273 307 1335; x_wconf 83' lang='lat' dir='ltr'>reamque</span> <span class='ocrx_word' id='word_1_52' title='bbox 322 1274 355 1316; x_wconf 91' lang='lat' dir='ltr'>se</span> <span class='ocrx_word' id='word_1_53' title='bbox 372 1253 493 1315; x_wconf 75' lang='lat' dir='ltr'>Ditino</span> <span class='ocrx_word' id='word_1_54' title='bbox 504 1252 627 1335; x_wconf 88' lang='lat' dir='ltr'>judicio</span> <span class='ocrx_word' id='word_1_55' title='bbox 642 1251 779 1315; x_wconf 80' lang='lat' dir='ltr'>existere</span> <span class='ocrx_word' id='word_1_56' title='bbox 794 1249 834 1312; x_wconf 89' lang='lat' dir='ltr'>de</span> <span class='ocrx_word' id='word_1_57' title='bbox 849 1255 1003 1331; x_wconf 84' lang='lat' dir='ltr'>perpetua</span> <span class='ocrx_word' id='word_1_58' title='bbox 1026 1247 1199 1329; x_wconf 88' lang='lat' dir='ltr'>iniquitate</span> <span class='ocrx_word' id='word_1_59' title='bbox 1221 1267 1293 1327; x_wconf 83' lang='lat' dir='ltr'>cog-</span> 
     </span>
     <span class='ocr_line' id='line_1_9' title="bbox 156 1345 1295 1433; baseline -0.004 -20"><span class='ocrx_word' id='word_1_60' title='bbox 156 1364 279 1428; x_wconf 83' lang='lat' dir='ltr'>noscat,</span> <span class='ocrx_word' id='word_1_61' title='bbox 293 1358 325 1415; x_wconf 86' lang='lat' dir='ltr'>et</span> <span class='ocrx_word' id='word_1_62' title='bbox 340 1374 359 1415; x_wconf 90' lang='lat' dir='ltr'>a</span> <span class='ocrx_word' id='word_1_63' title='bbox 374 1352 555 1415; x_wconf 78' lang='lat' dir='ltr'>sactissimo</span> <span class='ocrx_word' id='word_1_64' title='bbox 570 1370 698 1433; x_wconf 89' lang='lat' dir='ltr'>corpore</span> <span class='ocrx_word' id='word_1_65' title='bbox 720 1360 753 1413; x_wconf 92' lang='lat' dir='ltr'>et</span> <span class='ocrx_word' id='word_1_66' title='bbox 776 1349 932 1431; x_wconf 83' lang='lat' dir='ltr'>sanguiue</span> <span class='ocrx_word' id='word_1_67' title='bbox 953 1348 1017 1410; x_wconf 88' lang='lat' dir='ltr'>Dei</span> <span class='ocrx_word' id='word_1_68' title='bbox 1039 1354 1072 1410; x_wconf 91' lang='lat' dir='ltr'>et</span> <span class='ocrx_word' id='word_1_69' title='bbox 1094 1345 1171 1409; x_wconf 89' lang='lat' dir='ltr'>D&#39;ni</span> <span class='ocrx_word' id='word_1_70' title='bbox 1192 1347 1295 1409; x_wconf 88' lang='lat' dir='ltr'>nostri</span> 
     </span>
     <span class='ocr_line' id='line_1_10' title="bbox 156 1446 1294 1533; baseline -0.006 -19"><span class='ocrx_word' id='word_1_71' title='bbox 156 1450 261 1514; x_wconf 87' lang='lat' dir='ltr'>aliena</span> <span class='ocrx_word' id='word_1_72' title='bbox 272 1451 438 1533; x_wconf 89' lang='lat' dir='ltr'>fiat,atque</span> <span class='ocrx_word' id='word_1_73' title='bbox 448 1452 482 1514; x_wconf 92' lang='lat' dir='ltr'>in</span> <span class='ocrx_word' id='word_1_74' title='bbox 491 1460 634 1514; x_wconf 81' lang='lat' dir='ltr'>extremo</span> <span class='ocrx_word' id='word_1_75' title='bbox 642 1449 790 1512; x_wconf 85' lang='lat' dir='ltr'>examine</span> <span class='ocrx_word' id='word_1_76' title='bbox 800 1447 954 1510; x_wconf 67' lang='lat' dir='ltr'>districtae</span> <span class='ocrx_word' id='word_1_77' title='bbox 964 1446 1080 1509; x_wconf 90' lang='lat' dir='ltr'>ultioni</span> <span class='ocrx_word' id='word_1_78' title='bbox 1089 1446 1294 1528; x_wconf 86' lang='lat' dir='ltr'>subj[a]ceat:</span> 
     </span>
     <span class='ocr_line' id='line_1_11' title="bbox 157 1544 1295 1630; baseline -0.005 -18"><span class='ocrx_word' id='word_1_79' title='bbox 157 1551 283 1614; x_wconf 87' lang='lat' dir='ltr'>cunetis</span> <span class='ocrx_word' id='word_1_80' title='bbox 297 1557 406 1614; x_wconf 88' lang='lat' dir='ltr'>autem</span> <span class='ocrx_word' id='word_1_81' title='bbox 421 1550 526 1614; x_wconf 86' lang='lat' dir='ltr'>eidem</span> <span class='ocrx_word' id='word_1_82' title='bbox 540 1549 610 1613; x_wconf 89' lang='lat' dir='ltr'>loco</span> <span class='ocrx_word' id='word_1_83' title='bbox 625 1568 684 1612; x_wconf 90' lang='lat' dir='ltr'>sua</span> <span class='ocrx_word' id='word_1_84' title='bbox 695 1549 770 1630; x_wconf 90' lang='lat' dir='ltr'>jura</span> <span class='ocrx_word' id='word_1_85' title='bbox 784 1546 988 1609; x_wconf 82' lang='lat' dir='ltr'>servantibus</span> <span class='ocrx_word' id='word_1_86' title='bbox 1008 1545 1051 1608; x_wconf 89' lang='lat' dir='ltr'>sit</span> <span class='ocrx_word' id='word_1_87' title='bbox 1073 1565 1138 1627; x_wconf 81' lang='lat' dir='ltr'>par</span> <span class='ocrx_word' id='word_1_88' title='bbox 1160 1544 1295 1607; x_wconf 88' lang='lat' dir='ltr'>Domini</span> 
     </span>
     <span class='ocr_line' id='line_1_12' title="bbox 158 1643 1295 1731; baseline -0.006 -20"><span class='ocrx_word' id='word_1_89' title='bbox 158 1650 259 1712; x_wconf 86' lang='lat' dir='ltr'>nostri</span> <span class='ocrx_word' id='word_1_90' title='bbox 284 1649 390 1714; x_wconf 82' lang='lat' dir='ltr'>Jhesu</span> <span class='ocrx_word' id='word_1_91' title='bbox 416 1648 539 1713; x_wconf 88' lang='lat' dir='ltr'>Christi</span> <span class='ocrx_word' id='word_1_92' title='bbox 560 1649 725 1731; x_wconf 89' lang='lat' dir='ltr'>quatinus,</span> <span class='ocrx_word' id='word_1_93' title='bbox 744 1653 777 1710; x_wconf 85' lang='lat' dir='ltr'>et</span> <span class='ocrx_word' id='word_1_94' title='bbox 799 1646 852 1708; x_wconf 89' lang='lat' dir='ltr'>bic</span> <span class='ocrx_word' id='word_1_95' title='bbox 874 1646 1014 1709; x_wconf 84' lang='lat' dir='ltr'>fructum</span> <span class='ocrx_word' id='word_1_96' title='bbox 1041 1645 1135 1707; x_wconf 81' lang='lat' dir='ltr'>bouae</span> <span class='ocrx_word' id='word_1_97' title='bbox 1158 1643 1295 1707; x_wconf 86' lang='lat' dir='ltr'>actionis</span> 
     </span>
     <span class='ocr_line' id='line_1_13' title="bbox 156 1743 1295 1832; baseline -0.005 -21"><span class='ocrx_word' id='word_1_98' title='bbox 156 1748 336 1832; x_wconf 83' lang='lat' dir='ltr'>percipiant</span> <span class='ocrx_word' id='word_1_99' title='bbox 358 1758 391 1813; x_wconf 90' lang='lat' dir='ltr'>et</span> <span class='ocrx_word' id='word_1_100' title='bbox 410 1747 515 1831; x_wconf 84' lang='lat' dir='ltr'>apud²</span> <span class='ocrx_word' id='word_1_101' title='bbox 535 1748 720 1811; x_wconf 87' lang='lat' dir='ltr'>districtum</span> <span class='ocrx_word' id='word_1_102' title='bbox 735 1745 887 1810; x_wconf 83' lang='lat' dir='ltr'>Judicem</span> <span class='ocrx_word' id='word_1_103' title='bbox 911 1744 1042 1826; x_wconf 75' lang='lat' dir='ltr'>praemia</span> <span class='ocrx_word' id='word_1_104' title='bbox 1064 1754 1192 1807; x_wconf 80' lang='lat' dir='ltr'>aetemae</span> <span class='ocrx_word' id='word_1_105' title='bbox 1206 1743 1295 1825; x_wconf 83' lang='lat' dir='ltr'>pacis</span> 
     </span>
     <span class='ocr_line' id='line_1_14' title="bbox 156 1847 611 1921; baseline 0.002 -12"><span class='ocrx_word' id='word_1_106' title='bbox 156 1847 333 1910; x_wconf 84' lang='lat' dir='ltr'>inveniant.</span> <span class='ocrx_word' id='word_1_107' title='bbox 377 1848 492 1921; x_wconf 84' lang='lat' dir='ltr'>Amen,</span> <span class='ocrx_word' id='word_1_108' title='bbox 509 1866 611 1910; x_wconf 85' lang='lat' dir='ltr'>ameu</span> 
     </span>
    </p>
   </div>
   <div class='ocr_carea' id='block_1_3' title="bbox 226 2034 1228 2194">
    <p class='ocr_par' dir='ltr' id='par_1_3' title="bbox 226 2034 1228 2194">
     <span class='ocr_line' id='line_1_15' title="bbox 226 2034 1228 2098; baseline -0.006 -1"><span class='ocrx_word' id='word_1_109' title='bbox 226 2034 287 2097; x_wconf 84' lang='lat' dir='ltr'>CL</span> <span class='ocrx_word' id='word_1_110' title='bbox 311 2034 363 2096; x_wconf 78' lang='lat' dir='ltr'>Dr</span> <span class='ocrx_word' id='word_1_111' title='bbox 378 2049 562 2098; x_wconf 71' lang='lat' dir='ltr'>sosarmus</span> <span class='ocrx_word' id='word_1_112' title='bbox 578 2049 618 2096; x_wconf 79' lang='lat' dir='ltr'>ur</span> <span class='ocrx_word' id='word_1_113' title='bbox 632 2048 856 2097; x_wconf 67' lang='lat' dir='ltr'>erumnarum</span> <span class='ocrx_word' id='word_1_114' title='bbox 871 2046 1063 2094; x_wconf 69' lang='lat' dir='ltr'>armanum</span> <span class='ocrx_word' id='word_1_115' title='bbox 1078 2045 1228 2092; x_wconf 75' lang='lat' dir='ltr'>runcone</span> 
     </span>
     <span class='ocr_line' id='line_1_16' title="bbox 571 2130 882 2194; baseline -0.006 0"><span class='ocrx_word' id='word_1_116' title='bbox 571 2131 717 2194; x_wconf 73' lang='lat' dir='ltr'>Arauris</span> <span class='ocrx_word' id='word_1_117' title='bbox 732 2130 882 2194; x_wconf 74' lang='lat' dir='ltr'>Roosm.³</span> 
     </span>
    </p>
   </div>
   <div class='ocr_carea' id='block_1_4' title="bbox 155 2263 1293 2457">
    <p class='ocr_par' dir='ltr' id='par_1_4' title="bbox 155 2263 1293 2457">
     <span class='ocr_line' id='line_1_17' title="bbox 200 2263 1293 2351; baseline -0.004 -20"><span class='ocrx_word' id='word_1_118' title='bbox 200 2266 387 2332; x_wconf 78' lang='lat' dir='ltr'>Honorius⁴</span> <span class='ocrx_word' id='word_1_119' title='bbox 427 2269 535 2351; x_wconf 87' lang='lat' dir='ltr'>Ep&#39;us,</span> <span class='ocrx_word' id='word_1_120' title='bbox 575 2268 693 2331; x_wconf 85' lang='lat' dir='ltr'>Servus</span> <span class='ocrx_word' id='word_1_121' title='bbox 729 2287 893 2331; x_wconf 87' lang='lat' dir='ltr'>servorum</span> <span class='ocrx_word' id='word_1_122' title='bbox 934 2267 1007 2342; x_wconf 90' lang='lat' dir='ltr'>Dei,</span> <span class='ocrx_word' id='word_1_123' title='bbox 1044 2265 1171 2329; x_wconf 85' lang='lat' dir='ltr'>dilectis</span> <span class='ocrx_word' id='word_1_124' title='bbox 1207 2263 1293 2339; x_wconf 84' lang='lat' dir='ltr'>liliis,</span> 
     </span>
     <span class='ocr_line' id='line_1_18' title="bbox 155 2364 1292 2457; baseline -0.004 -26"><span class='ocrx_word' id='word_1_125' title='bbox 155 2368 279 2432; x_wconf 86' lang='lat' dir='ltr'>Abbati</span> <span class='ocrx_word' id='word_1_126' title='bbox 301 2376 334 2431; x_wconf 89' lang='lat' dir='ltr'>et</span> <span class='ocrx_word' id='word_1_127' title='bbox 349 2368 448 2432; x_wconf 89' lang='lat' dir='ltr'>Couv.</span> <span class='ocrx_word' id='word_1_128' title='bbox 464 2368 504 2432; x_wconf 88' lang='lat' dir='ltr'>de</span> <span class='ocrx_word' id='word_1_129' title='bbox 519 2367 671 2450; x_wconf 66' lang='lat' dir='ltr'>Wy&#39;teby&#39;,</span> <span class='ocrx_word' id='word_1_130' title='bbox 686 2367 825 2457; x_wconf 89' lang='lat' dir='ltr'>salutem</span> <span class='ocrx_word' id='word_1_131' title='bbox 847 2376 880 2431; x_wconf 88' lang='lat' dir='ltr'>et</span> <span class='ocrx_word' id='word_1_132' title='bbox 901 2366 1123 2450; x_wconf 80' lang='lat' dir='ltr'>Apostolicam</span> <span class='ocrx_word' id='word_1_133' title='bbox 1143 2364 1292 2428; x_wconf 87' lang='lat' dir='ltr'>benedic-</span> 
     </span>
    </p>
   </div>
   <div class='ocr_carea' id='block_1_5' title="bbox 155 2463 1296 4449">
    <p class='ocr_par' dir='ltr' id='par_1_5' title="bbox 155 2463 1296 4449">
     <span class='ocr_line' id='line_1_19' title="bbox 156 2463 1295 2549; baseline -0.006 -18"><span class='ocrx_word' id='word_1_134' title='bbox 156 2468 285 2531; x_wconf 89' lang='lat' dir='ltr'>tionem.</span> <span class='ocrx_word' id='word_1_135' title='bbox 331 2466 414 2530; x_wconf 88' lang='lat' dir='ltr'>Cum</span> <span class='ocrx_word' id='word_1_136' title='bbox 436 2487 455 2529; x_wconf 92' lang='lat' dir='ltr'>a</span> <span class='ocrx_word' id='word_1_137' title='bbox 478 2466 570 2530; x_wconf 87' lang='lat' dir='ltr'>uobis</span> <span class='ocrx_word' id='word_1_138' title='bbox 590 2466 712 2549; x_wconf 88' lang='lat' dir='ltr'>petitur</span> <span class='ocrx_word' id='word_1_139' title='bbox 733 2466 821 2549; x_wconf 91' lang='lat' dir='ltr'>quod</span> <span class='ocrx_word' id='word_1_140' title='bbox 837 2467 966 2549; x_wconf 90' lang='lat' dir='ltr'>justum</span> <span class='ocrx_word' id='word_1_141' title='bbox 987 2473 1036 2529; x_wconf 88' lang='lat' dir='ltr'>est</span> <span class='ocrx_word' id='word_1_142' title='bbox 1058 2470 1091 2529; x_wconf 87' lang='lat' dir='ltr'>et·</span> <span class='ocrx_word' id='word_1_143' title='bbox 1112 2463 1295 2537; x_wconf 89' lang='lat' dir='ltr'>honestum,</span> 
     </span>
     <span class='ocr_line' id='line_1_20' title="bbox 156 2562 1294 2650; baseline -0.005 -20"><span class='ocrx_word' id='word_1_144' title='bbox 156 2573 224 2630; x_wconf 88' lang='lat' dir='ltr'>tam</span> <span class='ocrx_word' id='word_1_145' title='bbox 239 2566 329 2650; x_wconf 82' lang='lat' dir='ltr'>vigor</span> <span class='ocrx_word' id='word_1_146' title='bbox 342 2566 505 2648; x_wconf 66' lang='lat' dir='ltr'>equitatis</span> <span class='ocrx_word' id='word_1_147' title='bbox 520 2586 617 2649; x_wconf 89' lang='lat' dir='ltr'>quam</span> <span class='ocrx_word' id='word_1_148' title='bbox 640 2565 717 2629; x_wconf 92' lang='lat' dir='ltr'>ordo</span> <span class='ocrx_word' id='word_1_149' title='bbox 738 2565 840 2649; x_wconf 81' lang='lat' dir='ltr'>exigit</span> <span class='ocrx_word' id='word_1_150' title='bbox 854 2566 988 2628; x_wconf 87' lang='lat' dir='ltr'>rationis</span> <span class='ocrx_word' id='word_1_151' title='bbox 1002 2571 1040 2628; x_wconf 91' lang='lat' dir='ltr'>ut</span> <span class='ocrx_word' id='word_1_152' title='bbox 1055 2564 1089 2626; x_wconf 92' lang='lat' dir='ltr'>id</span> <span class='ocrx_word' id='word_1_153' title='bbox 1105 2584 1161 2647; x_wconf 87' lang='lat' dir='ltr'>per</span> <span class='ocrx_word' id='word_1_154' title='bbox 1175 2562 1294 2625; x_wconf 88' lang='lat' dir='ltr'>sollici-</span> 
     </span>
     <span class='ocr_line' id='line_1_21' title="bbox 155 2660 1294 2746; baseline -0.004 -19"><span class='ocrx_word' id='word_1_155' title='bbox 155 2664 303 2729; x_wconf 89' lang='lat' dir='ltr'>tudiuem</span> <span class='ocrx_word' id='word_1_156' title='bbox 326 2665 423 2728; x_wconf 90' lang='lat' dir='ltr'>officii</span> <span class='ocrx_word' id='word_1_157' title='bbox 449 2665 550 2728; x_wconf 89' lang='lat' dir='ltr'>nostri</span> <span class='ocrx_word' id='word_1_158' title='bbox 572 2664 614 2728; x_wconf 91' lang='lat' dir='ltr'>ad</span> <span class='ocrx_word' id='word_1_159' title='bbox 636 2664 781 2727; x_wconf 92' lang='lat' dir='ltr'>debitum</span> <span class='ocrx_word' id='word_1_160' title='bbox 804 2664 999 2746; x_wconf 85' lang='lat' dir='ltr'>producatur</span> <span class='ocrx_word' id='word_1_161' title='bbox 1020 2662 1179 2727; x_wconf 84' lang='lat' dir='ltr'>effectum.</span> <span class='ocrx_word' id='word_1_162' title='bbox 1224 2660 1294 2723; x_wconf 83' lang='lat' dir='ltr'>Ea⁵</span> 
     </span>
     <span class='ocr_line' id='line_1_22' title="bbox 156 2759 1295 2849; baseline -0.006 -21"><span class='ocrx_word' id='word_1_163' title='bbox 156 2770 294 2849; x_wconf 89' lang='lat' dir='ltr'>propter,</span> <span class='ocrx_word' id='word_1_164' title='bbox 309 2762 420 2827; x_wconf 86' lang='lat' dir='ltr'>dilecti</span> <span class='ocrx_word' id='word_1_165' title='bbox 435 2763 470 2826; x_wconf 89' lang='lat' dir='ltr'>iu</span> <span class='ocrx_word' id='word_1_166' title='bbox 484 2763 627 2827; x_wconf 90' lang='lat' dir='ltr'>Domino</span> <span class='ocrx_word' id='word_1_167' title='bbox 641 2762 711 2839; x_wconf 88' lang='lat' dir='ltr'>filii,</span> <span class='ocrx_word' id='word_1_168' title='bbox 725 2764 842 2826; x_wconf 84' lang='lat' dir='ltr'>vestris</span> <span class='ocrx_word' id='word_1_169' title='bbox 860 2762 959 2844; x_wconf 88' lang='lat' dir='ltr'>justis</span> <span class='ocrx_word' id='word_1_170' title='bbox 974 2762 1122 2845; x_wconf 79' lang='lat' dir='ltr'>precibus</span> <span class='ocrx_word' id='word_1_171' title='bbox 1137 2759 1295 2835; x_wconf 89' lang='lat' dir='ltr'>inclinati,</span> 
     </span>
     <span class='ocr_line' id='line_1_23' title="bbox 156 2859 1294 2947; baseline -0.006 -20"><span class='ocrx_word' id='word_1_172' title='bbox 156 2882 308 2947; x_wconf 85' lang='lat' dir='ltr'>personas</span> <span class='ocrx_word' id='word_1_173' title='bbox 323 2868 454 2939; x_wconf 77' lang='lat' dir='ltr'>vestras,</span> <span class='ocrx_word' id='word_1_174' title='bbox 469 2869 502 2925; x_wconf 91' lang='lat' dir='ltr'>et</span> <span class='ocrx_word' id='word_1_175' title='bbox 516 2859 624 2926; x_wconf 89' lang='lat' dir='ltr'>locum</span> <span class='ocrx_word' id='word_1_176' title='bbox 638 2862 672 2924; x_wconf 90' lang='lat' dir='ltr'>iu</span> <span class='ocrx_word' id='word_1_177' title='bbox 688 2881 753 2944; x_wconf 93' lang='lat' dir='ltr'>quo</span> <span class='ocrx_word' id='word_1_178' title='bbox 768 2861 879 2924; x_wconf 82' lang='lat' dir='ltr'>divino</span> <span class='ocrx_word' id='word_1_179' title='bbox 902 2861 979 2924; x_wconf 75' lang='lat' dir='ltr'>estis</span> <span class='ocrx_word' id='word_1_180' title='bbox 1001 2860 1154 2942; x_wconf 74' lang='lat' dir='ltr'>obsequio</span> <span class='ocrx_word' id='word_1_181' title='bbox 1171 2859 1294 2922; x_wconf 89' lang='lat' dir='ltr'>manci-</span> 
     </span>
     <span class='ocr_line' id='line_1_24' title="bbox 156 2958 1295 3046; baseline -0.004 -21"><span class='ocrx_word' id='word_1_182' title='bbox 156 2961 235 3046; x_wconf 86' lang='lat' dir='ltr'>pati,</span> <span class='ocrx_word' id='word_1_183' title='bbox 257 2983 332 3026; x_wconf 88' lang='lat' dir='ltr'>cum</span> <span class='ocrx_word' id='word_1_184' title='bbox 353 2961 505 3025; x_wconf 90' lang='lat' dir='ltr'>omnibus</span> <span class='ocrx_word' id='word_1_185' title='bbox 526 2962 620 3025; x_wconf 89' lang='lat' dir='ltr'>bonis</span> <span class='ocrx_word' id='word_1_186' title='bbox 646 2980 718 3044; x_wconf 82' lang='lat' dir='ltr'>quae</span> <span class='ocrx_word' id='word_1_187' title='bbox 738 2961 773 3023; x_wconf 90' lang='lat' dir='ltr'>iu</span> <span class='ocrx_word' id='word_1_188' title='bbox 794 2960 1038 3043; x_wconf 61' lang='lat' dir='ltr'>praesent-iarum</span> <span class='ocrx_word' id='word_1_189' title='bbox 1061 2958 1295 3022; x_wconf 87' lang='lat' dir='ltr'>rationabiliter</span> 
     </span>
     <span class='ocr_line' id='line_1_25' title="bbox 156 3057 1295 3145; baseline -0.006 -20"><span class='ocrx_word' id='word_1_190' title='bbox 156 3061 308 3145; x_wconf 82' lang='lat' dir='ltr'>possidet,</span> <span class='ocrx_word' id='word_1_191' title='bbox 338 3067 395 3124; x_wconf 87' lang='lat' dir='ltr'>aut</span> <span class='ocrx_word' id='word_1_192' title='bbox 424 3061 458 3124; x_wconf 93' lang='lat' dir='ltr'>in</span> <span class='ocrx_word' id='word_1_193' title='bbox 490 3060 636 3124; x_wconf 82' lang='lat' dir='ltr'>futurum</span> <span class='ocrx_word' id='word_1_194' title='bbox 661 3058 760 3141; x_wconf 89' lang='lat' dir='ltr'>justis</span> <span class='ocrx_word' id='word_1_195' title='bbox 792 3058 906 3134; x_wconf 88' lang='lat' dir='ltr'>modis,</span> <span class='ocrx_word' id='word_1_196' title='bbox 938 3064 1112 3140; x_wconf 73' lang='lat' dir='ltr'>praestante</span> <span class='ocrx_word' id='word_1_197' title='bbox 1145 3057 1295 3131; x_wconf 91' lang='lat' dir='ltr'>Domino,</span> 
     </span>
     <span class='ocr_line' id='line_1_26' title="bbox 156 3156 1294 3243; baseline -0.004 -20"><span class='ocrx_word' id='word_1_198' title='bbox 156 3160 274 3243; x_wconf 85' lang='lat' dir='ltr'>poterit</span> <span class='ocrx_word' id='word_1_199' title='bbox 289 3158 446 3242; x_wconf 65' lang='lat' dir='ltr'>adipisci,⁰</span> <span class='ocrx_word' id='word_1_200' title='bbox 460 3160 521 3223; x_wconf 91' lang='lat' dir='ltr'>sub</span> <span class='ocrx_word' id='word_1_201' title='bbox 536 3160 572 3222; x_wconf 86' lang='lat' dir='ltr'>B.</span> <span class='ocrx_word' id='word_1_202' title='bbox 589 3158 677 3222; x_wconf 84' lang='lat' dir='ltr'>Petri</span> <span class='ocrx_word' id='word_1_203' title='bbox 691 3163 725 3221; x_wconf 86' lang='lat' dir='ltr'>et</span> <span class='ocrx_word' id='word_1_204' title='bbox 740 3164 848 3220; x_wconf 89' lang='lat' dir='ltr'>nostra</span> <span class='ocrx_word' id='word_1_205' title='bbox 868 3156 1068 3240; x_wconf 86' lang='lat' dir='ltr'>protectione</span> <span class='ocrx_word' id='word_1_206' title='bbox 1090 3156 1294 3239; x_wconf 86' lang='lat' dir='ltr'>suscipimus.</span> 
     </span>
     <span class='ocr_line' id='line_1_27' title="bbox 158 3254 1295 3340; baseline -0.006 -18"><span class='ocrx_word' id='word_1_207' title='bbox 158 3258 347 3340; x_wconf 73' lang='lat' dir='ltr'>specialiter</span> <span class='ocrx_word' id='word_1_208' title='bbox 369 3266 477 3320; x_wconf 88' lang='lat' dir='ltr'>autom</span> <span class='ocrx_word' id='word_1_209' title='bbox 498 3257 663 3321; x_wconf 88' lang='lat' dir='ltr'>libertates</span> <span class='ocrx_word' id='word_1_210' title='bbox 689 3260 722 3319; x_wconf 88' lang='lat' dir='ltr'>et</span> <span class='ocrx_word' id='word_1_211' title='bbox 747 3255 980 3332; x_wconf 86' lang='lat' dir='ltr'>immunitates,</span> <span class='ocrx_word' id='word_1_212' title='bbox 1005 3262 1114 3329; x_wconf 90' lang='lat' dir='ltr'>terras,</span> <span class='ocrx_word' id='word_1_213' title='bbox 1140 3254 1295 3329; x_wconf 71' lang='lat' dir='ltr'>redditus</span> 
     </span>
     <span class='ocr_line' id='line_1_28' title="bbox 156 3352 1294 3439; baseline -0.005 -20"><span class='ocrx_word' id='word_1_214' title='bbox 156 3356 383 3439; x_wconf 85' lang='lat' dir='ltr'>possessiones,</span> <span class='ocrx_word' id='word_1_215' title='bbox 397 3361 429 3419; x_wconf 88' lang='lat' dir='ltr'>et</span> <span class='ocrx_word' id='word_1_216' title='bbox 444 3356 508 3418; x_wconf 90' lang='lat' dir='ltr'>alia</span> <span class='ocrx_word' id='word_1_217' title='bbox 522 3356 614 3432; x_wconf 89' lang='lat' dir='ltr'>bona,</span> <span class='ocrx_word' id='word_1_218' title='bbox 630 3355 823 3418; x_wconf 88' lang='lat' dir='ltr'>monasterio</span> <span class='ocrx_word' id='word_1_219' title='bbox 838 3360 944 3418; x_wconf 84' lang='lat' dir='ltr'>vestm</span> <span class='ocrx_word' id='word_1_220' title='bbox 966 3353 1020 3436; x_wconf 88' lang='lat' dir='ltr'>pia</span> <span class='ocrx_word' id='word_1_221' title='bbox 1039 3352 1181 3416; x_wconf 88' lang='lat' dir='ltr'>fidelium</span> <span class='ocrx_word' id='word_1_222' title='bbox 1198 3352 1294 3415; x_wconf 86' lang='lat' dir='ltr'>liber-</span> 
     </span>
     <span class='ocr_line' id='line_1_29' title="bbox 157 3449 1294 3536; baseline -0.005 -19"><span class='ocrx_word' id='word_1_223' title='bbox 157 3453 268 3517; x_wconf 83' lang='lat' dir='ltr'>alitate</span> <span class='ocrx_word' id='word_1_224' title='bbox 291 3472 448 3529; x_wconf 85' lang='lat' dir='ltr'>concessa,</span> <span class='ocrx_word' id='word_1_225' title='bbox 462 3453 548 3516; x_wconf 87' lang='lat' dir='ltr'>sicut</span> <span class='ocrx_word' id='word_1_226' title='bbox 570 3475 608 3517; x_wconf 89' lang='lat' dir='ltr'>ea</span> <span class='ocrx_word' id='word_1_227' title='bbox 625 3454 723 3536; x_wconf 88' lang='lat' dir='ltr'>juste,</span> <span class='ocrx_word' id='word_1_228' title='bbox 738 3454 902 3529; x_wconf 88' lang='lat' dir='ltr'>canonice,</span> <span class='ocrx_word' id='word_1_229' title='bbox 919 3473 956 3516; x_wconf 90' lang='lat' dir='ltr'>ac</span> <span class='ocrx_word' id='word_1_230' title='bbox 977 3452 1109 3535; x_wconf 83' lang='lat' dir='ltr'>pacifice</span> <span class='ocrx_word' id='word_1_231' title='bbox 1130 3449 1294 3523; x_wconf 71' lang='lat' dir='ltr'>obtinetis</span> 
     </span>
     <span class='ocr_line' id='line_1_30' title="bbox 156 3546 1292 3634; baseline -0.005 -20"><span class='ocrx_word' id='word_1_232' title='bbox 156 3551 249 3614; x_wconf 88' lang='lat' dir='ltr'>vobis</span> <span class='ocrx_word' id='word_1_233' title='bbox 271 3559 304 3614; x_wconf 91' lang='lat' dir='ltr'>et</span> <span class='ocrx_word' id='word_1_234' title='bbox 326 3550 524 3614; x_wconf 87' lang='lat' dir='ltr'>Monasterio</span> <span class='ocrx_word' id='word_1_235' title='bbox 546 3551 609 3634; x_wconf 85' lang='lat' dir='ltr'>ipsi</span> <span class='ocrx_word' id='word_1_236' title='bbox 631 3573 688 3634; x_wconf 90' lang='lat' dir='ltr'>per</span> <span class='ocrx_word' id='word_1_237' title='bbox 710 3573 777 3629; x_wconf 87' lang='lat' dir='ltr'>vos,</span> <span class='ocrx_word' id='word_1_238' title='bbox 797 3553 987 3616; x_wconf 86' lang='lat' dir='ltr'>auctoritate</span> <span class='ocrx_word' id='word_1_239' title='bbox 1008 3546 1195 3631; x_wconf 81' lang='lat' dir='ltr'>Apostolica</span> <span class='ocrx_word' id='word_1_240' title='bbox 1216 3567 1292 3610; x_wconf 87' lang='lat' dir='ltr'>con-</span> 
     </span>
     <span class='ocr_line' id='line_1_31' title="bbox 157 3646 1292 3734; baseline -0.004 -20"><span class='ocrx_word' id='word_1_241' title='bbox 157 3652 378 3726; x_wconf 86' lang='lat' dir='ltr'>firmamus,et</span> <span class='ocrx_word' id='word_1_242' title='bbox 399 3651 617 3734; x_wconf 73' lang='lat' dir='ltr'>praescripti</span> <span class='ocrx_word' id='word_1_243' title='bbox 639 3653 817 3734; x_wconf 87' lang='lat' dir='ltr'>patrocinio</span> <span class='ocrx_word' id='word_1_244' title='bbox 839 3650 1092 3725; x_wconf 84' lang='lat' dir='ltr'>commuuimus3</span> <span class='ocrx_word' id='word_1_245' title='bbox 1114 3646 1292 3710; x_wconf 88' lang='lat' dir='ltr'>districtius</span> 
     </span>
     <span class='ocr_line' id='line_1_32' title="bbox 158 3745 1293 3834; baseline -0.004 -22"><span class='ocrx_word' id='word_1_246' title='bbox 158 3749 342 3813; x_wconf 84' lang='lat' dir='ltr'>inhibentes</span> <span class='ocrx_word' id='word_1_247' title='bbox 357 3768 398 3812; x_wconf 91' lang='lat' dir='ltr'>ue</span> <span class='ocrx_word' id='word_1_248' title='bbox 413 3749 486 3831; x_wconf 87' lang='lat' dir='ltr'>quia</span> <span class='ocrx_word' id='word_1_249' title='bbox 508 3748 548 3812; x_wconf 91' lang='lat' dir='ltr'>de</span> <span class='ocrx_word' id='word_1_250' title='bbox 570 3750 738 3815; x_wconf 89' lang='lat' dir='ltr'>novalibus</span> <span class='ocrx_word' id='word_1_251' title='bbox 753 3752 878 3827; x_wconf 86' lang='lat' dir='ltr'>vestris,</span> <span class='ocrx_word' id='word_1_252' title='bbox 893 3772 965 3834; x_wconf 87' lang='lat' dir='ltr'>quae</span> <span class='ocrx_word' id='word_1_253' title='bbox 986 3746 1123 3832; x_wconf 83' lang='lat' dir='ltr'>propriis</span> <span class='ocrx_word' id='word_1_254' title='bbox 1143 3745 1293 3808; x_wconf 87' lang='lat' dir='ltr'>manibus</span> 
     </span>
     <span class='ocr_line' id='line_1_33' title="bbox 160 3845 1295 3933; baseline -0.004 -20"><span class='ocrx_word' id='word_1_255' title='bbox 160 3856 218 3913; x_wconf 87' lang='lat' dir='ltr'>aut</span> <span class='ocrx_word' id='word_1_256' title='bbox 232 3848 415 3933; x_wconf 87' lang='lat' dir='ltr'>sumptibus</span> <span class='ocrx_word' id='word_1_257' title='bbox 430 3848 546 3925; x_wconf 86' lang='lat' dir='ltr'>colitis,</span> <span class='ocrx_word' id='word_1_258' title='bbox 557 3869 613 3913; x_wconf 87' lang='lat' dir='ltr'>seu</span> <span class='ocrx_word' id='word_1_259' title='bbox 628 3850 668 3913; x_wconf 90' lang='lat' dir='ltr'>de</span> <span class='ocrx_word' id='word_1_260' title='bbox 680 3860 858 3915; x_wconf 84' lang='lat' dir='ltr'>vestromm</span> <span class='ocrx_word' id='word_1_261' title='bbox 874 3849 1063 3913; x_wconf 89' lang='lat' dir='ltr'>animalium</span> <span class='ocrx_word' id='word_1_262' title='bbox 1077 3845 1295 3921; x_wconf 85' lang='lat' dir='ltr'>nutrimentis,</span> 
     </span>
     <span class='ocr_line' id='line_1_34' title="bbox 159 3943 1295 4033; baseline -0.006 -20"><span class='ocrx_word' id='word_1_263' title='bbox 159 3949 300 4013; x_wconf 88' lang='lat' dir='ltr'>decimas</span> <span class='ocrx_word' id='word_1_264' title='bbox 314 3969 334 4012; x_wconf 89' lang='lat' dir='ltr'>a</span> <span class='ocrx_word' id='word_1_265' title='bbox 348 3949 440 4013; x_wconf 82' lang='lat' dir='ltr'>vobis</span> <span class='ocrx_word' id='word_1_266' title='bbox 455 3949 582 4032; x_wconf 84' lang='lat' dir='ltr'>exigere</span> <span class='ocrx_word' id='word_1_267' title='bbox 602 3949 656 4013; x_wconf 86' lang='lat' dir='ltr'>vel</span> <span class='ocrx_word' id='word_1_268' title='bbox 678 3956 866 4033; x_wconf 84' lang='lat' dir='ltr'>extorquere</span> <span class='ocrx_word' id='word_1_269' title='bbox 885 3955 1068 4033; x_wconf 69' lang='lat' dir='ltr'>praesumat.</span> <span class='ocrx_word' id='word_1_270' title='bbox 1112 3943 1206 4009; x_wconf 81' lang='lat' dir='ltr'>Nulli</span> <span class='ocrx_word' id='word_1_271' title='bbox 1221 3964 1295 4026; x_wconf 81' lang='lat' dir='ltr'>ergo</span> 
     </span>
     <span class='ocr_line' id='line_1_35' title="bbox 160 4044 1296 4133; baseline -0.004 -22"><span class='ocrx_word' id='word_1_272' title='bbox 160 4050 292 4112; x_wconf 89' lang='lat' dir='ltr'>omuino</span> <span class='ocrx_word' id='word_1_273' title='bbox 320 4049 489 4112; x_wconf 91' lang='lat' dir='ltr'>hominum</span> <span class='ocrx_word' id='word_1_274' title='bbox 515 4049 611 4113; x_wconf 87' lang='lat' dir='ltr'>liceat</span> <span class='ocrx_word' id='word_1_275' title='bbox 640 4049 724 4113; x_wconf 86' lang='lat' dir='ltr'>hauc</span> <span class='ocrx_word' id='word_1_276' title='bbox 754 4049 903 4133; x_wconf 90' lang='lat' dir='ltr'>paginam</span> <span class='ocrx_word' id='word_1_277' title='bbox 932 4054 1050 4111; x_wconf 70' lang='lat' dir='ltr'>nostrae</span> <span class='ocrx_word' id='word_1_278' title='bbox 1079 4044 1296 4130; x_wconf 87' lang='lat' dir='ltr'>protectionis,</span> 
     </span>
     <span class='ocr_line' id='line_1_36' title="bbox 159 4143 1295 4231; baseline -0.004 -21"><span class='ocrx_word' id='word_1_279' title='bbox 159 4149 411 4213; x_wconf 86' lang='lat' dir='ltr'>confirmationis</span> <span class='ocrx_word' id='word_1_280' title='bbox 425 4154 459 4212; x_wconf 89' lang='lat' dir='ltr'>et</span> <span class='ocrx_word' id='word_1_281' title='bbox 473 4148 677 4212; x_wconf 91' lang='lat' dir='ltr'>inhibitionis</span> <span class='ocrx_word' id='word_1_282' title='bbox 692 4145 886 4231; x_wconf 74' lang='lat' dir='ltr'>iufringere,⁷</span> <span class='ocrx_word' id='word_1_283' title='bbox 901 4146 952 4210; x_wconf 86' lang='lat' dir='ltr'>vel</span> <span class='ocrx_word' id='word_1_284' title='bbox 968 4147 1008 4222; x_wconf 86' lang='lat' dir='ltr'>ai,</span> <span class='ocrx_word' id='word_1_285' title='bbox 1023 4166 1105 4209; x_wconf 89' lang='lat' dir='ltr'>ausu</span> <span class='ocrx_word' id='word_1_286' title='bbox 1116 4143 1295 4218; x_wconf 83' lang='lat' dir='ltr'>temerario,</span> 
     </span>
     <span class='ocr_line' id='line_1_37' title="bbox 159 4241 1295 4331; baseline -0.004 -24"><span class='ocrx_word' id='word_1_287' title='bbox 159 4248 324 4312; x_wconf 79' lang='lat' dir='ltr'>contraire.</span> <span class='ocrx_word' id='word_1_288' title='bbox 363 4248 397 4313; x_wconf 92' lang='lat' dir='ltr'>Si</span> <span class='ocrx_word' id='word_1_289' title='bbox 412 4248 485 4331; x_wconf 89' lang='lat' dir='ltr'>quis</span> <span class='ocrx_word' id='word_1_290' title='bbox 500 4254 608 4311; x_wconf 88' lang='lat' dir='ltr'>autem</span> <span class='ocrx_word' id='word_1_291' title='bbox 623 4247 684 4310; x_wconf 86' lang='lat' dir='ltr'>hoo</span> <span class='ocrx_word' id='word_1_292' title='bbox 695 4247 916 4330; x_wconf 85' lang='lat' dir='ltr'>a[t]temptare</span> <span class='ocrx_word' id='word_1_293' title='bbox 930 4243 1180 4327; x_wconf 79' lang='lat' dir='ltr'>praesumpserit,</span> <span class='ocrx_word' id='word_1_294' title='bbox 1191 4241 1295 4324; x_wconf 82' lang='lat' dir='ltr'>iudig-</span> 
     </span>
     <span class='ocr_line' id='line_1_38' title="bbox 195 4376 1257 4449; baseline -0.003 -18"><span class='ocrx_word' id='word_1_295' title='bbox 195 4376 401 4436; x_wconf 50' lang='lat' dir='ltr'>montaneae.</span> <span class='ocrx_word' id='word_1_296' title='bbox 502 4381 581 4448; x_wconf 71' lang='lat' dir='ltr'>²qu</span> <span class='ocrx_word' id='word_1_297' title='bbox 700 4379 1081 4449; x_wconf 77' lang='lat' dir='ltr'>⁸RogardeSeardeburg,c‚</span> <span class='ocrx_word' id='word_1_298' title='bbox 1096 4380 1257 4430; x_wconf 68' lang='lat' dir='ltr'>ltus-1244.</span> 
     </span>
    </p>
   </div>
   <div class='ocr_carea' id='block_1_6' title="bbox 192 4457 1135 4613">
    <p class='ocr_par' dir='ltr' id='par_1_6' title="bbox 192 4457 1135 4613">
     <span class='ocr_line' id='line_1_39' title="bbox 192 4457 1121 4528; baseline 0.022 -19"><span class='ocrx_word' id='word_1_299' title='bbox 192 4457 411 4517; x_wconf 74' lang='lat' dir='ltr'>⁴u0n0amn.</span> <span class='ocrx_word' id='word_1_300' title='bbox 451 4467 608 4522; x_wconf 74' lang='lat' dir='ltr'>taraiasa.</span> <span class='ocrx_word' id='word_1_301' title='bbox 933 4460 1121 4528; x_wconf 55' lang='lat' dir='ltr'>‘armeta</span> 
     </span>
     <span class='ocr_line' id='line_1_40' title="bbox 271 4543 1135 4613; baseline 0.017 -17"><span class='ocrx_word' id='word_1_302' title='bbox 271 4546 408 4613; x_wconf 62' lang='lat' dir='ltr'>»anima</span> <span class='ocrx_word' id='word_1_303' title='bbox 932 4543 943 4579; x_wconf 81' lang='lat'>¹</span> <span class='ocrx_word' id='word_1_304' title='bbox 962 4546 1135 4609; x_wconf 56' lang='lat' dir='ltr'>anuum·</span> 
     </span>
    </p>
   </div>
   <div class='ocr_carea' id='block_1_7' title="bbox 0 0 1465 4986">
    <p class='ocr_par' dir='ltr' id='par_1_7' title="bbox 0 0 1465 4986">
     <span class='ocr_line' id='line_1_41' title="bbox 0 0 1465 4986; baseline 0 0"><span class='ocrx_word' id='word_1_305' title='bbox 0 0 1465 4986; x_wconf 95' lang='lat' dir='ltr'> </span> 
     </span>
    </p>
   </div>
  </div>
 </body>
</html>
