2916 4986
249 601 250 604 Ἴ
302 521 576 576 CARTULARIUM
594 521 797 574 ABBATHIAE
815 523 865 575 DE
883 523 1071 577 WHITEBY.
1192 510 1252 569 243

113 703 193 750 usus
207 705 283 751 suos
305 687 450 770 proprios
472 692 675 764 convertunt,
689 695 901 771 perceperunt
923 693 956 752 et
979 689 1043 772 [in]
1069 685 1151 770 (83b)
1175 704 1254 749 usus

112 783 300 868 hujusmodi
329 792 557 851 converterunt
582 807 639 870 per
664 806 730 850 non
759 788 887 852 modica
911 795 1056 872 tempora
1077 789 1234 850 retroacta
1246 808 1254 863 ;

113 884 264 969 quodque
285 886 321 949 in
343 885 440 950 dietis
462 885 606 951 ecclesiis
629 885 669 950 de
690 886 882 964 Haknesse,¹
904 888 944 952 de
964 883 1142 969 whiteby?
1157 883 1255 956 Aton,

112 983 258 1070 lngelby,
273 991 305 1048 et
320 984 361 1050 de
379 985 598 1069 Midilsburgh
613 1006 680 1049 non
694 992 772 1050 sunt
787 988 942 1052 ordinatae
963 987 1124 1071 portiones
1138 980 1254 1047 vicari-

111 1103 214 1161 orum,
234 1105 294 1149 neo
315 1085 464 1168 perpetui
487 1085 628 1168 [vicarii]
651 1085 797 1150 instituti
808 1087 1015 1152 :-Volentes
1036 1086 1136 1170 igitur
1157 1100 1255 1165 super

112 1181 182 1263 jure
207 1183 367 1248 dictorum
393 1184 636 1268 Religiosorum,
662 1185 798 1269 siquod
821 1187 960 1270 speciale
985 1206 1043 1270 pro
1069 1204 1104 1250 se
1130 1183 1166 1247 in
1191 1181 1253 1244 hae

111 1287 202 1364 parta
221 1283 386 1360 haberent,
400 1283 530 1367 plenius
552 1283 727 1361 informari,
742 1285 871 1349 eosdem
886 1286 1064 1370 Religiosos
1086 1282 1128 1346 ad
1149 1287 1253 1346 certos

111 1381 198 1446 diem
209 1391 243 1447 et
252 1383 361 1448 locum
372 1403 469 1467 super
481 1383 656 1467 praemissis
668 1404 773 1448 coram
785 1385 877 1449 nobis
892 1385 932 1448 ad
944 1385 1104 1468 judicium
1116 1379 1251 1444 fecimus

111 1483 244 1548 evocari.
290 1484 417 1560 Quibus
439 1503 546 1547 coram
567 1483 661 1547 nobis
677 1504 735 1567 per
753 1493 990 1567 procuratorem
1012 1503 1117 1558 suum,
1131 1477 1250 1544 suffiei-

111 1585 220 1644 entem
240 1582 277 1646 in
299 1582 360 1647 hac
381 1588 472 1667 parte
494 1586 687 1665 potestatem
709 1582 894 1661 habentem,
909 1583 950 1647 ad
971 1582 1058 1647 diem
1083 1588 1117 1646 et
1140 1579 1250 1642 looum

110 1680 158 1745 eis
180 1682 368 1766 assignatos,
390 1682 658 1766 comparentibus,
679 1682 898 1767 exhibitisque
919 1703 978 1768 per
998 1673 1250 1765 procuratorem⁸

110 1781 284 1846 eorundem
298 1783 534 1867 Religiosorum
549 1782 715 1847 nonnullis
730 1782 858 1856 litteris,
869 1790 938 1848 tam
953 1780 1136 1866 apostolicis
1150 1795 1249 1861 quam

109 1881 321 1965 quorumdem
335 1883 604 1967 praedecessorum
619 1889 811 1960 nostrorum,
826 1881 885 1947 ao⁴
900 1882 973 1946 aliis
987 1901 1085 1966 quam
1099 1874 1249 1963 plurimis

109 1981 328 2059 monimentis,
338 1984 458 2066 quibus
469 2003 568 2066 penes
584 2003 642 2047 nos
653 1983 808 2066 inspectis
820 1987 853 2047 et
865 1982 1037 2065 diligenter
1047 1974 1250 2050 examinatis,

110 2099 148 2143 ac
175 2079 214 2145 de
239 2081 498 2166 jurisperitorum
520 2081 655 2146 consilio
676 2082 771 2146 nobis
797 2082 1019 2146 assistentium
1044 2080 1085 2144 ad
1114 2078 1249 2162 plenum

109 2179 262 2244 dhoumis
286 2186 319 2245 et
339 2182 464 2246 rimatis
477 2181 614 2257 :-Quia
636 2181 820 2246 invenimus
836 2180 938 2245 diotos
954 2179 1132 2264 Religiosos
1153 2195 1250 2259 super

108 2280 310 2344 assecutione
354 2281 514 2345 dictarum
561 2280 776 2359 eeclesiarum,
823 2279 1027 2365 perceptione
1075 2278 1249 2351 fructuum,

107 2378 294 2444 reddituum
324 2386 357 2445 et
386 2385 613 2464 proventuum,
642 2381 817 2446 earundem
846 2400 972 2446 necnon
1001 2379 1185 2464 portionum
1214 2381 1249 2439 et

107 2479 300 2561 pensionum
335 2479 571 2564 predictarum,
609 2481 796 2565 caeterisque
836 2482 987 2546 omnibus
1023 2474 1247 2562 suprascriptis

107 2577 302 2643 sufficienter
312 2579 413 2643 fuisse
428 2586 461 2643 et
476 2598 545 2643 esse
559 2580 713 2657 munitae,
722 2582 810 2665 ipsos
826 2582 868 2645 ab
883 2580 1029 2645 ulteriori
1043 2577 1247 2661 impetitione

108 2676 205 2741 officii
227 2679 337 2757 nostri,
351 2679 458 2763 quoad
480 2679 655 2762 praemissa,
672 2679 869 2743 dimittimus
891 2701 949 2763 per
970 2674 1156 2753 decretum,⁶
1174 2676 1247 2758 jure

106 2784 216 2842 nostro
238 2784 271 2842 et
292 2798 426 2843 success.
442 2786 634 2856 nostrorum,
648 2798 685 2843 ac
707 2779 856 2843 libertate
878 2779 964 2843 Eccl.
988 2783 1106 2841 nostrae
1129 2774 1247 2839 Gathe-

108 2877 206 2941 dralis
228 2879 364 2942 Eboraci
385 2878 421 2941 in
443 2879 593 2943 omnibus
615 2899 741 2961 semper
758 2879 866 2944 salvis.
911 2879 1034 2942 Datum
1048 2876 1084 2938 in
1100 2873 1246 2938 Manerio

109 2981 218 3040 nostro
248 2977 288 3040 de
321 2977 443 3055 Reste,⁶
478 2979 632 3043 vicesimo
661 2978 714 3042 die
751 2979 872 3042 mensis
909 2975 1106 3061 Septembris
1134 2974 1174 3037 A.
1204 2973 1245 3037 D.

109 3075 282 3140 millesimo
297 3087 407 3141 cecc¹1¹⁰
421 3078 571 3156 seeundo,
586 3084 620 3142 et
635 3087 753 3142 nostrae
767 3076 989 3142 translationis
1005 3075 1129 3158 quinto.

146 3223 278 3289 econ.
299 3224 388 3288 Anu
404 3241 626 3291 courmuarro
641 3228 774 3291 Dounu
789 3225 937 3289 Haunrcr
952 3223 1208 3287 Ancnrnnscorr

556 3314 795 3377 Enonscnusrs.

154 3422 196 3486 In
204 3422 268 3487 Dei
279 3423 439 3500 n.,Amen.
461 3424 531 3489 Nos
541 3421 727 3502 Henrieus,i
736 3421 963 3508 p.D.Eboraci
974 3419 1244 3504 Arehiepiscopns

109 3521 185 3604 [etc.,
207 3523 358 3586 verbatim
382 3546 418 3588 aa
442 3527 480 3589 ira
506 3525 566 3588 last
593 3525 689 3608 dcch.
744 3525 869 3588 Datum
895 3522 982 3607 apud
1008 3520 1186 3603 Stokesley,
1208 3519 1244 3581 in

107 3621 303 3687 visitationis
326 3630 443 3688 nostrae
466 3644 647 3709 progressu,
669 3624 807 3708 septimo
829 3623 882 3687 die
896 3623 1017 3687 mensis
1039 3621 1131 3698 Julii,
1147 3620 1186 3684 h
1202 3620 1244 3684 D.

108 3719 281 3785 millesimo
297 3744 369 3787 cccc
386 3724 520 3801 decimo,
536 3730 569 3787 et
583 3731 702 3788 nostrae
717 3722 938 3787 translationis
952 3741 1037 3786 anno
1052 3722 1156 3785 tertio

353 3872 503 3936 CCCIII.
527 3873 596 3936 Pao
612 3888 758 3936 caranus
773 3888 816 3934 nn
832 3873 997 3936 Fvnvucn.

152 3991 193 4053 In
208 3992 272 4056 Dei
294 3995 433 4071 nomine,
448 3996 561 4061 Arnen.
607 3997 690 4062 Cum
706 4017 773 4073 nos,
788 3996 926 4060 Thomas
950 3992 1112 4070 Helwell,8
1125 3991 1242 4055 Archi-

107 4090 263 4154 diaconus
295 4091 514 4170 Clivelandiae,
539 4095 574 4157 in
603 4095 752 4159 Ecclesia
779 4094 983 4167 Eboracensi,
1009 4093 1044 4155 in
1073 4111 1241 4174 progressu

106 4191 306 4255 visitationis
322 4212 419 4274 quam
434 4213 538 4276 nuper
552 4194 826 4258 Arehidiaoonatu
841 4198 951 4256 nostro
968 4191 1185 4265 Olivelandiae,
1200 4210 1240 4253 ex

141 4312 151 4345 ¹
171 4314 319 4365 Haclsenas.
480 4315 491 4349 ²
510 4317 632 4383 Whitby.
789 4315 924 4381 'parrona
1098 4313 1109 4348 ⁴
1126 4315 1167 4366 ab.

140 4395 151 4430 ⁵
170 4403 319 4462 praesentes,
479 4397 491 4432 ⁶
508 4401 581 4452 Rest.
790 4397 800 4433 ⁷
820 4400 913 4464 Henry
926 4399 1039 4461 Bowett,
1056 4399 1213 4450 1407-1423.

141 4479 151 4513 ⁸
170 4481 285 4532 Thomas
302 4483 335 4532 de
354 4483 475 4547 llolwell‚
490 4501 519 4535 or
537 4483 673 4547 Helenen,
687 4481 813 4535 obtained
831 4483 877 4534 the
891 4483 1093 4548 Archdeaconry
1107 4481 1160 4533 aad
1178 4483 1243 4545 May
