2916 4986
340 534 611 588 CAR'I'ULARIUM
631 534 834 587 ABBATHIAE
852 535 902 587 DE
919 535 1106 588 WHITEBY.
1235 525 1296 584 269

158 717 217 762 nos
237 699 435 764 venerabiles
457 705 491 764 et
512 699 690 784 Religiosos
709 699 805 778 viros,
819 700 980 765 Abbatem
1004 704 1037 765 et
1059 701 1159 766 Conv.
1182 699 1298 764 Mon’ii

157 797 198 860 de
233 797 399 881 Whiteby,
427 799 560 863 Eborac.
590 798 761 877 dioceseos,
795 799 871 864 eccl.
904 799 1032 883 paroch.
1065 799 1105 864 da
1142 797 1299 882 Crosseby

156 896 416 981 Ravenswartha,
439 903 556 962 nostrae
585 897 756 976 dioceseos,
781 903 937 982 tanquam
963 897 1026 963 sibi
1051 897 1300 982 appropriatam,

156 1014 231 1058 cum
245 994 313 1060 suis
331 995 459 1078 juribus
479 1002 512 1060 et
533 997 739 1080 pertinentiis
760 997 933 1075 universis,
947 997 1130 1080 optinentes
1152 995 1298 1061 citaveri-

156 1112 238 1170 mus,
252 1113 290 1158 ac
312 1093 354 1158 ad
375 1093 611 1158 ostendendum
631 1100 665 1160 st
687 1094 908 1159 exhibendum
927 1095 1064 1159 titulum
1085 1115 1182 1160 suum
1203 1114 1299 1178 quem

155 1210 253 1275 super
274 1192 480 1257 executione¹
494 1192 588 1258 dictae
606 1194 749 1258 ecclesiae
771 1213 806 1258 se
827 1193 944 1258 habero
965 1194 1180 1277 pretendunt,
1194 1213 1300 1259 coram

156 1289 249 1354 nobis
278 1291 321 1355 ad
344 1298 448 1356 certos
471 1290 559 1356 diem
583 1299 617 1357 et
641 1292 759 1370 locum,
781 1313 818 1357 ac
843 1313 901 1376 pro
924 1293 1063 1357 termino
1088 1292 1300 1377 peremptorie

156 1388 292 1454 fecimus
306 1390 442 1467 evocari,
456 1389 573 1454 iidem²
587 1390 742 1474 Religiosi
758 1391 820 1455 viri
842 1410 950 1456 coram
972 1391 1074 1469 nobis,
1089 1391 1184 1456 dictis
1199 1391 1253 1456 dia
1266 1398 1301 1456 et

155 1486 236 1564 loco,
256 1508 315 1572 per
339 1495 578 1571 procuratorem
604 1508 700 1552 suum
722 1495 979 1573 comparuerunt,
998 1489 1086 1553 idem
1106 1494 1300 1573 procurator,

157 1605 215 1668 pro
239 1586 320 1670 ipsis
343 1592 509 1652 eteorum
533 1587 674 1664 nomine,
696 1587 854 1652 nonnulla
878 1587 1005 1653 litteras
1028 1593 1062 1653 et
1085 1586 1301 1652 instrumenta

159 1704 255 1768 super
280 1686 469 1750 executione
499 1685 595 1750 dictae
620 1685 764 1751 ecclesiae
789 1685 948 1765 exhibuit,
973 1707 1032 1771 per
1056 1707 1137 1771 quas
1162 1693 1197 1752 et
1221 1686 1300 1752 alios

159 1784 337 1850 evidentias
359 1791 392 1850 et
412 1784 627 1869 probationes,
640 1804 722 1868 quas
737 1785 830 1850 nobis
845 1785 1029 1850 ministrare
1050 1785 1176 1851 curavit
1189 1785 1225 1849 in
1239 1785 1300 1850 hac

158 1887 259 1967 parte,
286 1883 428 1949 officinm
463 1890 612 1948 nostrum
648 1883 759 1950 taliter
792 1885 983 1950 informavit
1010 1885 1100 1968 quod
1134 1884 1223 1968 ipsos
1259 1884 1300 1949 ab

158 1981 304 2047 ulteriori
328 1982 532 2068 impetitione
562 1982 659 2048 officii
688 1983 801 2062 nostri,
829 1983 937 2068 quood
960 1982 1085 2048 dictum
1107 1983 1300 2048 beneficium

159 2086 193 2145 ct
236 2083 305 2165 ejus
344 2084 578 2160 executionem,
622 2090 655 2147 et
697 2090 937 2167 procuratorem
979 2083 1127 2167 ipsorum
1169 2083 1300 2147 nomine

157 2183 340 2260 eorundem,
360 2183 559 2249 absolvimus
581 2187 615 2247 et
636 2181 833 2248 dimittimus
855 2182 1028 2248 absolutos.
1074 2182 1116 2246 In
1138 2182 1232 2264 cujus
1253 2182 1300 2246 rei

157 2286 230 2346 test
247 2280 303 2366 sig.
325 2287 472 2346 nostrum
493 2302 540 2365 pr.
560 2287 610 2346 est
632 2301 819 2365 appensum.
863 2281 988 2346 Datum
1009 2281 1098 2366 apud
1118 2280 1300 2345 msnerimn

157 2384 303 2443 nostrum
317 2379 357 2444 de
379 2380 471 2457 Rose,
486 2385 599 2445 octavo
613 2379 667 2446 die
681 2382 705 2447 J
706 2381 841 2460 anusrii,
855 2382 893 2448 A.
908 2381 950 2447 D.
966 2380 1140 2447 millesimo
1162 2399 1253 2457 occo,
1267 2384 1300 2443 et

157 2485 273 2543 nostroe
287 2479 535 2544 consecrationis
550 2479 663 2563 primo.
1127 2512 1132 2524 ·

187 2652 402 2720 CCCXVIII.
424 2652 630 2717 Assrousrro
645 2654 773 2717 Anssrr
788 2669 829 2716 nr
845 2652 1038 2718 Covvmvrur
1052 2668 1097 2716 nn
1110 2652 1275 2718 Wnrrnnr

404 2778 449 2825 nu
463 2778 659 2826 rsrsossrn
673 2764 845 2827 Eccmsrn
860 2778 904 2825 nn
920 2761 1060 2827 Csossv.

203 2900 297 2963 Omn.
320 2899 351 2961 S.
376 2898 423 2962 Μ
446 2897 532 2962 Eccl.
556 2897 642 2974 filiis,
664 2898 706 2963 sd
726 2918 809 2983 quos
830 2918 877 2981 pr.
901 2916 959 2962 scr
982 2917 1081 2981 perv,
1100 2895 1238 2960 Thomas
1261 2897 1394 3042 dom,ty
1383 2923 1453 3043 saw

160 2993 368 3079 Hsstynges⁸
390 2994 430 3059 de
453 2995 612 3078 Crosseby
633 2997 894 3074 Ravsnsvarthe,
909 2996 1009 3060 irater
1029 2994 1108 3058 D’ni
1128 2983 1394 3059 Nicholai⁴Hnty
1313 3041 1344 3089 <10
1354 2997 1453 3089 oront

160 3094 201 3158 de
214 3093 416 3171 Alverstane,
431 3113 456 3159 s.
472 3093 507 3157 in
523 3094 673 3159 Domino.
717 3094 855 3159 Noverit
874 3095 964 3160 unIv.
979 3115 1010 3160 v.
1026 3093 1156 3177 quodsi
1170 3093 1301 3177 aliquod
1313 3100 1418 3205 Ἢν

158 3193 213 3276 jus
242 3192 295 3257 vel
324 3192 478 3257 clamium
515 3192 739 3277 aliquem⁵in
703 3194 838 3277 mjurs
866 3197 1056 3277 patronatus
1089 3192 1232 3258 ecclesiae
1261 3172 1350 3278 deq⁰
1347 3217 1452 3265 samm.

161 3290 318 3374 Crosseby
332 3291 584 3356 Ravenswarthe
599 3290 717 3356 habere
730 3291 872 3370 videbor,
886 3290 940 3357 val
954 3291 1072 3356 habers
1088 3289 1182 3375 potui
1196 3276 1452 3396 (100⁴)2101ffi2b5

160 3410 212 3454 me
241 3389 326 3455 illud
353 3389 498 3455 totaliter
525 3389 648 3455 Abbati
674 3396 707 3454 at
733 3389 833 3455 Conv.
859 3390 899 3455 de
923 3389 1081 3475 Whitaby
1103 3410 1162 3474 pro
1186 3409 1239 3455 mo
1268 3393 1334 3454 etv
1312 3394 1434 3501 ubertim

159 3488 339 3554 haeredibus
375 3490 456 3554 meis
492 3489 661 3568 remisisse,
689 3488 994 3573 quietumclsmassa
1030 3492 1064 3554 et
1099 3488 1446 3574 renuntiassemmw

159 3589 301 3674 imperpe
303 3595 414 3653 t·uum
406 3609 551 3674 ,meque
566 3589 754 3653 noveritis
740 3608 795 3672 Jus
810 3609 874 3655 non
894 3589 1012 3654 habero
1025 3589 1079 3654 vel
1100 3588 1301 3655 habuissem
1313 3571 1402 3678 ,ffigh
1413 3630 1441 3675 οἵ

156 3689 229 3773 jure
257 3693 406 3773 patronst
407 3708 446 3752 us
476 3688 552 3753 eccl.
582 3688 763 3768 antedictae,
793 3688 851 3753 sed
878 3687 1042 3753 Abbotem
1072 3694 1105 3752 et
1134 3689 1234 3754 Conv.
1251 3687 1419 3795 decrosbg

159 3787 317 3870 Whiteby
341 3807 434 3852 veros
463 3808 533 3853 essa
559 3791 710 3902 patronos
736 3787 890 3871 ejusdem,
912 3786 1031 3871 quibus
1056 3786 1236 3870 Torphinus
1261 3749 1352 3850 doBa
1313 3805 1400 3854 vorm

159 3885 350 3950 Alverstane
379 3893 413 3950 et
441 3885 583 3952 haeredes
611 3887 665 3951 sui
690 3888 745 3970 jus
774 3892 925 3971 patronat
925 3907 965 3951 us
994 3886 1108 3969 ipsius,
1133 3905 1199 3949 una
1227 3905 1301 3948 cnm

160 3982 285 4048 duabus
307 3984 463 4049 carucatis
484 3985 586 4049 t’rae
576 4006 612 4049 m
636 3985 795 4068 Crosseby
818 3982 1080 4061 Revensvsrthe,
1103 4002 1177 4047 cum
1203 3984 1301 4066 perti-

160 4081 290 4158 nentiis,
311 4082 525 4148 contulerunt.
577 4083 619 4146 In
643 4083 737 4167 cujus
763 4084 808 4146 rei
836 4087 907 4147 test.
930 4102 977 4165 pr.
1005 4101 1064 4145 scr.
1092 4081 1217 4162 patenti
1242 4082 1299 4165 sig.

159 4217 229 4270 Bull.
267 4218 300 4269 In
315 4220 382 4271 1399
400 4219 434 4270 bs
452 4219 577 4271 obtained
594 4220 748 4272 institution
760 4220 788 4271 oi
805 4219 853 4272 the
864 4216 1066 4284 temporalities,
1080 4216 1134 4267 and
1146 4207 1201 4267 vas
1214 4233 1300 4270 conse·

159 4301 251 4353 ornted
263 4301 290 4351 in
303 4302 410 4368 August
423 4304 499 4353 1400.
538 4302 582 4354 Ob.
599 4304 675 4354 1419.

197 4383 278 4446 ῙΙια,
293 4384 345 4435 und
358 4385 384 4435 in
397 4388 453 4435 two
464 4383 542 4435 other
552 4383 641 4450 places
652 4384 747 4436 below.
1156 4378 1258 4434 ’idem

196 4465 208 4500 ³
225 4465 274 4517 See
287 4467 350 4519 Nos.
366 4468 408 4528 29,
423 4468 466 4528 30,
481 4469 531 4517 stc.
734 4465 743 4498 ⁴
762 4465 811 4516 Sos
824 4464 874 4515 No.
889 4465 949 4515 320.
1153 4461 1164 4495 ⁵
1181 4464 1267 4529 aliqu.
