2916 4986
257 528 528 583 OARTULARIUM
547 528 752 582 ABBATHIAE
769 531 819 582 Du
836 531 1023 585 WHITEBY.
1147 521 1209 584 277

67 694 304 778 praetendentes
314 693 410 758 villas
420 693 459 759 de
472 693 613 759 Overton
623 693 702 758 alias
713 695 860 779 Overyge
870 697 945 779 [ctc.,
953 718 990 760 os
1000 699 1038 760 ia
1046 697 1103 762 No.
1115 697 1210 782 314]ι

66 803 136 857 tam
145 799 256 859 contra
266 814 325 857 nos
336 797 369 858 et
380 813 578 857 successores
589 797 716 857 nostros
727 794 929 858 etMcn’ium
940 802 1096 872 nostmm,
1110 816 1209 879 quam

66 914 125 976 pro
147 894 241 957 nobis
263 897 296 957 et
318 912 401 957 succ.
423 892 541 956 nostris
564 897 597 956 et
619 893 707 957 Mon
723 897 890 969 nostrast
911 895 1056 977 personis
1076 896 1210 978 quibus·

67 1012 196 1076 cunque
224 992 318 1056 nobis
347 991 584 1055 adhaerentibus
597 991 717 1055 :—Nos
746 991 857 1056 Abbas
887 998 920 1056 et
950 993 1138 1057 Conventus
1167 993 1208 1058 ds

65 1090 224 1174 Whiteby
238 1111 295 1174 per
312 1092 497 1174 juramenta
509 1110 529 1153 a
543 1089 777 1154 nobis—videl
791 1091 919 1155 Abbate
941 1091 1159 1174 personaliter,
1174 1097 1209 1156 et

65 1209 86 1252 a
115 1189 217 1265 nobis,
242 1190 422 1264 Conventu,
446 1208 504 1272 per
532 1187 711 1251 Henricum
737 1188 777 1252 de
807 1188 1006 1272 Rillyngton,
1036 1189 1207 1267 clericum,

65 1295 302 1370 procuratorem
316 1294 462 1351 nostrum
487 1287 676 1350 mandatum
691 1287 732 1351 ad
746 1286 807 1351 hoc
821 1287 995 1352 habentem
1010 1289 1155 1372 speciale,
1170 1289 1207 1353 in

66 1387 191 1452 animas
220 1395 355 1460 nostras.
387 1387 541 1470 inspectis
570 1392 604 1450 et
632 1387 729 1450 tactis
765 1389 976 1451 sacrosanctis
1011 1388 1206 1472 Evangeliis,

65 1487 218 1567 prestita,
227 1486 445 1570 promittimus
456 1505 514 1569 pro
525 1485 618 1549 nobis
630 1491 663 1549 et
674 1485 909 1550 successoribus
920 1486 1037 1551 nostris
1046 1487 1206 1552 universis

64 1585 204 1649 fideliter
217 1587 392 1663 observare,
407 1591 441 1649 et
454 1585 489 1648 in
504 1584 653 1648 omnibus
675 1583 857 1668 adimplere.
902 1586 944 1648 In
966 1585 1057 1669 cujus
1072 1587 1119 1650 rei
1133 1591 1205 1651 test.

66 1684 123 1767 sig.
139 1690 284 1749 nostrum
309 1704 478 1749 commune
504 1684 717 1766 praesentibus
732 1690 782 1748 est
795 1704 983 1768 appensum
1026 1684 1151 1748 Datum
1169 1685 1205 1750 in

67 1783 217 1866 Capitulo
240 1789 349 1848 nostro
371 1783 458 1867 apud
479 1782 645 1864 Whiteby,
668 1783 719 1846 dia
744 1782 839 1847 Jovis
860 1784 1006 1867 proximo
1032 1789 1106 1868 post
1128 1784 1149 1849 f.
1172 1785 1204 1850 S.

66 1881 196 1947 Thomas
210 1883 363 1959 Martiris,
373 1881 469 1946 videl.
482 1881 606 1946 decimo
621 1881 673 1946 die
688 1882 807 1945 mensis
823 1882 915 1958 Julii,
926 1883 965 1947 A
978 1883 1016 1948 G.
1032 1882 1205 1949 millesimo

65 1981 423 2164 cccIteriiecpddiopresens
438 2079 594 2162 scriptum
616 2084 726 2162 pateat
740 2079 900 2144 universis
920 2080 1097 2163 quodcum
1119 2081 1205 2146 inter

66 2178 244 2263 Religiosos
258 2179 353 2257 viros,
366 2179 528 2244 Abbatem
544 2185 578 2242 et
592 2179 691 2243 Conv.
707 2179 823 2243 Mon’ii
838 2179 877 2244 de
893 2179 1058 2263 Wbiteby‚
1072 2179 1203 2245 Ordinis

66 2278 96 2344 S.
130 2277 305 2355 Benedicti,
334 2279 469 2342 Eboraci
506 2277 676 2354 dioceseos,
712 2277 879 2342 ecclesiam
915 2278 1130 2362 parochialem
1163 2279 1204 2343 ds

64 2377 203 2460 Crossby
214 2378 473 2454 Ravenswarthe‚
489 2376 624 2442 Karliol.
636 2377 806 2453 dioceseos,
818 2379 854 2440 in
868 2379 1012 2461 proprios
1027 2399 1105 2443 usus
1120 2378 1208 2462 opti-⁸

63 2484 185 2554 nentes,
201 2483 233 2542 et
252 2477 486 2561 praetendentes
501 2476 596 2540 villas
611 2476 651 2540 de
667 2475 773 2560 (1051’)
791 2478 932 2541 Overton
951 2478 1030 2541 alias
1049 2479 1208 2562 Ovcryge,

63 2576 207 2660 Bogefell
234 2577 307 2661 [etc.,
327 2576 477 2659 precisclp
501 2596 538 2638 os
562 2577 600 2638 ira
625 2575 682 2639 No.
711 2575 797 2658 314}
841 2575 965 2639 Datum
991 2578 1026 2639 in
1052 2577 1203 2660 Capitulo

64 2676 168 2758 (106b)
193 2682 302 2741 nostro
324 2675 411 2759 apud
434 2673 708 2758 Coniugesheved,
723 2674 776 2738 die
797 2675 890 2739 Jovis
913 2675 1059 2757 proximo
1082 2681 1155 2758 post
1180 2675 1202 2740 f.

61 2775 292 2839 Translationis
322 2774 352 2836 S.
379 2773 509 2835 Thomas
539 2772 823 2837 Martiris—videl
850 2772 974 2837 decimo
1000 2773 1053 2837 die
1082 2774 1202 2838 mensis

62 2873 85 2937 J
86 2873 155 2950 ulii,
170 2874 207 2937 A.
224 2874 262 2937 G.
279 2871 450 2935 millesimo
473 2879 563 2934 ccc¹¹¹⁰
578 2871 709 2937 decimo.
754 2873 823 2936 Nos
847 2873 946 2956 igitur
959 2872 1145 2936 Willelmus
1169 2878 1202 2937 et

62 2972 230 3047 Robertus,
245 2969 409 3045 Oenomai,
423 2989 461 3033 ae
475 2969 498 3033 J
499 2969 641 3033 ohannes
657 2971 756 3047 Prior,
771 2970 925 3054 praedicti,
940 2992 998 3055 pro
1013 2972 1097 3035 bono
1112 2972 1200 3054 pacis

61 3075 95 3134 et
110 3069 286 3133 concordiae
299 3069 385 3132 inter
402 3072 509 3151 partes
524 3070 764 3154 suprascriptas,
779 3069 948 3154 praedictss
962 3070 1201 3148 submissiones,

61 3166 315 3252 suppositiones²
326 3171 359 3231 et
370 3166 583 3249 subJectiones
597 3167 633 3230 in
644 3188 702 3232 nos
714 3169 823 3245 factas,
835 3168 1113 3253 utriusquepartis
1124 3189 1200 3232 con-

62 3287 191 3331 sensum
207 3266 409 3330 admittimus
423 3270 457 3330 st
471 3266 693 3349 approbamus,
706 3268 904 3331 aestimantes
926 3288 998 3352 ergo
1014 3288 1080 3331 non
1094 3267 1200 3332 solum

61 3366 146 3448 apud
156 3386 214 3430 nos
221 3368 296 3450 jura
304 3365 444 3449 partium
455 3363 688 3448 praedictarum,
700 3366 880 3430 sed³etiam
888 3373 964 3430 vota
973 3373 1006 3430 et
1015 3366 1199 3434 voluntates

59 3470 250 3548 spontaneas
273 3464 430 3529 solicitius
454 3464 685 3540 examinantes,
707 3464 901 3541 ordinamus,
922 3465 1098 3544 laudamus,
1119 3466 1199 3531 dici-

58 3585 139 3643 mus,
151 3565 351 3641 arbitramur,
361 3564 607 3647 pronuntiamus
623 3567 656 3626 at
667 3563 868 3628 decernimus
883 3565 979 3648 quod,
988 3564 1058 3630 sine
1073 3571 1197 3631 contra·

57 3665 205 3742 dictione,
228 3663 474 3747 perturbatione,
489 3661 722 3738 molestatione,
735 3663 979 3747 inquietatione,
994 3665 1196 3749 impetitione

57 3764 303 3847 quibuscunque
317 3764 477 3827 dictorum
491 3761 631 3825 Abbatis
652 3767 685 3825 et
708 3761 798 3825 Oonv
813 3761 853 3826 de
868 3762 1036 3846 Whiteby,
1049 3765 1118 3829 sive
1140 3784 1197 3847 per

57 3861 194 3937 eosdem,
216 3867 272 3924 aut
296 3881 406 3925 eorum
431 3860 570 3935 nomine,
585 3859 621 3921 in
643 3880 835 3943 quacunque
858 3860 955 3924 Curia
980 3861 1196 3925 ecclesiastica

55 3960 108 4025 vel
124 3960 270 4024 saeculari
284 3960 324 4023 de
339 3966 452 4024 caetero
467 3958 684 4042 qualicunque
696 3959 860 4035 faciendis,
874 3961 1042 4024 memorati
1057 3961 1148 4024 Prior
1163 3967 1196 4025 et

90 4082 98 4116 ¹
117 4084 203 4134 There
215 4100 260 4134 arc
273 4083 418 4134 variatione
430 4082 458 4133 oi
472 4082 585 4150 spelling
597 4098 626 4133 aa
638 4086 667 4133 to
680 4083 727 4134 tha
745 4083 930 4149 place-names,
944 4084 996 4134 and
1008 4100 1037 4134 as
1050 4085 1096 4135 the
1108 4085 1194 4136 entire

53 4168 198 4218 document
210 4183 274 4216 runa
286 4165 314 4216 in
326 4166 372 4216 the
391 4181 467 4217 name
479 4165 507 4215 oi
524 4165 572 4216 the
584 4165 677 4216 Abbot
695 4166 748 4216 and
766 4165 889 4217 convent
900 4165 928 4216 oi
946 4166 1069 4232 Whitby,
1084 4183 1130 4218 noa
1141 4170 1194 4220 and

52 4256 145 4301 nostra
158 4265 203 4299 ars
215 4247 279 4298 used
291 4248 320 4297 in
331 4247 406 4313 placa
418 4246 446 4297 oi
463 4262 511 4308 eoa,
526 4262 620 4310 aarum,
632 4263 692 4311 auca,
705 4251 755 4303 stc.
793 4249 832 4298 As
845 4247 980 4298 instanoes
991 4248 1020 4298 oi
1037 4249 1084 4299 the
1096 4249 1194 4302 former

52 4348 94 4381 we
106 4331 174 4381 bave
190 4334 205 4360 “
214 4328 392 4396 Boghcielle,”
406 4332 422 4356 ⁴⁴
431 4326 562 4394 Tylbay,'’
576 4327 765 4396 “Gassegyll,'’
778 4330 806 4380 in
819 4329 893 4394 placo
902 4329 931 4379 oi
942 4330 989 4380 tha
1002 4331 1194 4398 “Gogesicld,”

53 4422 72 4443 “
82 4414 201 4479 Tybba,”
215 4411 410 4480 “Gessegillc‚'’
423 4410 451 4461 oi
463 4412 509 4463 the
522 4411 580 4462 first
592 4416 652 4478 part
664 4413 692 4462 oi
704 4413 754 4465 No.
771 4415 830 4464 314.

89 4496 101 4528 ²
118 4499 315 4561 aaapposisaicuia.
906 4493 918 4527 ³
935 4503 976 4546 aet.
