2916 4986
347 509 618 563 sauromatum
639 510 841 561 ABBATHIAE
859 511 908 562 DE
926 511 1112 563 WHITEBY.
1236 500 1292 559 lbl

156 674 313 738 libert.·et
328 679 470 738 consuet.
487 694 566 756 quas
588 673 709 738 habent
731 680 823 737 terrae
845 680 877 738 et
899 674 1046 740 homines
1069 677 1099 740 S.
1114 674 1203 738 Petri
1218 680 1252 738 et
1267 675 1296 738 S.

158 773 308 837 cutberti
322 774 357 836 in
372 773 484 837 eadem
499 773 631 837 civitate
645 773 865 838 consistentes.
912 775 1125 839 concedimus
1148 775 1247 838 etism
1266 779 1299 836 et

157 872 241 935 conf.
264 872 359 955 praed
383 872 468 935 Eccl.
484 871 524 935 de
546 872 696 954 Wyteby,
711 876 745 935 et
766 872 888 936 Abbati
910 879 943 936 et
964 895 1048 937 mon.
1064 874 1152 937 illius
1174 873 1246 948 loci,
1261 879 1299 935 ut

159 970 301 1034 habeant
337 979 370 1035 et
406 970 591 1053 possideant
620 971 656 1033 in
685 970 896 1053 domin[i]um
925 992 1020 1037 suum
1049 991 1161 1037 omnes
1189 977 1299 1047 terras,

160 1069 304 1146 forestas,
318 1090 456 1146 nemora,
472 1076 504 1133 et
526 1075 673 1152 pasturas
688 1070 757 1133 t'ris
771 1070 920 1133 Abbatira
942 1091 1008 1134 suae
1030 1071 1237 1154 pertinentes,
1252 1069 1300 1131 ita

160 1167 269 1244 libere,
283 1169 402 1252 quiete,
417 1168 521 1251 plene,
535 1177 569 1232 et
591 1168 773 1245 honorifice,
791 1167 872 1250 (48¹²)
890 1175 928 1232 ut
950 1168 1060 1234 nullus
1082 1170 1122 1234 de
1141 1169 1300 1232 ministris

160 1267 281 1332 nostris
303 1267 498 1332 intromittat
519 1267 612 1331 sede
634 1267 827 1344 nemoribus,
842 1288 901 1331 nec
924 1267 963 1333 de
985 1269 1125 1352 pasturis
1147 1267 1300 1332 Ecclesiae

163 1367 194 1430 S.
219 1367 308 1431 Petri
336 1372 370 1431 et
399 1367 429 1431 S.
454 1365 573 1450 Hyldae
600 1374 633 1430 et
660 1366 782 1430 Abbati
808 1365 867 1451 [et]
899 1367 1063 1431 monachis
1089 1367 1129 1430 de
1155 1365 1300 1449 wyteby

162 1465 398 1548 pertinentibus
410 1489 418 1543 ;
449 1486 509 1529 nec
532 1465 700 1549 prohibeat
726 1485 779 1528 eos
805 1465 908 1529 facere
938 1466 1114 1547 proficuum
1139 1485 1234 1529 suum
1260 1464 1301 1527 ds

162 1565 346 1628 nemoribus
361 1571 394 1628 et
408 1564 549 1647 pasturis
564 1584 682 1628 eorum.
726 1563 770 1626 Et
791 1562 932 1628 habeant
951 1563 1050 1628 libere
1066 1563 1248 1628 forestarios
1268 1568 1301 1624 et

163 1662 328 1726 ministros
348 1681 423 1727 suos
444 1662 486 1725 ad
509 1682 639 1726 nemora
660 1682 719 1725 aua
741 1667 773 1726 et
798 1667 946 1745 pasturas
968 1682 1042 1726 suas
1065 1659 1300 1725 custodiendas.

163 1761 207 1823 Et
220 1760 426 1844 prohibemus
441 1781 481 1824 ne
497 1760 616 1843 aliquis
637 1760 722 1823 infra
736 1765 839 1824 metas
855 1768 889 1824 ct
903 1760 1024 1824 divisas
1038 1759 1134 1843 praed.
1150 1757 1301 1822 Ecclesiae

163 1859 302 1923 Abbatis
331 1865 364 1923 et
393 1859 622 1923 monachorum
652 1879 822 1921 commune
851 1858 969 1923 habeat
999 1859 1033 1921 in
1061 1856 1243 1921 nemoribus
1269 1860 1302 1919 et

164 1959 304 2043 pasturis
330 1979 450 2035 eorum,
473 1960 536 2023 nisi
557 1979 615 2041 per
636 1958 800 2022 licentiam
823 1978 940 2022 eorum.
986 1959 1029 2022 Et
1051 1957 1227 2021 clamamus
1250 1973 1303 2018 eos

164 2059 292 2142 quietos
313 2057 353 2121 de
369 2059 476 2122 vastis
499 2065 532 2122 et
553 2057 698 2122 essartis¹
714 2064 748 2120 et
769 2055 956 2141 reguardis2
970 2058 1104 2122 forestae.
1149 2053 1303 2120 Concedi-

166 2177 238 2222 mus
260 2157 357 2220 etiam
373 2162 406 2220 et
425 2157 506 2221 cons.
523 2156 618 2240 praed
634 2155 786 2220 Ecclesiae
807 2176 919 2220 omnes
941 2154 1130 2220 donationes
1152 2158 1185 2219 et
1207 2152 1304 2216 liber-

165 2261 248 2320 tates
263 2262 296 2320 et
310 2256 559 2320 consuetudines
575 2256 683 2339 qua[s]
700 2254 886 2320 Willelmus
902 2256 981 2333 Rex,
996 2256 1117 2320 abavus
1140 2261 1256 2330 noster,
1271 2261 1305 2317 et

166 2354 350 2420 Willelmus
377 2356 446 2418 Rex
469 2355 555 2419 filius
582 2356 660 2438 ejuS,
683 2362 716 2418 et
742 2355 904 2419 Henrious
930 2356 1001 2420 Itea
1026 2375 1164 2440 proavus
1187 2358 1305 2428 noster,

166 2461 200 2519 et
220 2453 376 2537 gloriosus
396 2454 466 2517 Rex
483 2454 653 2529 Henricus,
668 2459 759 2535 pater
781 2461 899 2530 noster,
914 2454 1019 2518 cidem
1041 2453 1194 2518 Ecclesiae
1208 2450 1304 2515 dede·

167 2558 252 2629 runt,
275 2558 308 2616 et
333 2552 429 2616 cartis
454 2552 522 2615 suis
548 2551 826 2616 confirmaverunt.
872 2553 992 2616 Omnes
1016 2573 1091 2616 vero
1115 2550 1305 2615 donationes

167 2650 325 2716 Willelmi
340 2649 380 2714 de
391 2650 491 2726 Perci,
506 2650 685 2714 fundatoris
707 2651 803 2733 praed.
819 2652 980 2727 Abbatiae,
996 2656 1028 2714 et
1042 2652 1142 2714 Alani
1157 2650 1197 2714 de
1212 2648 1305 2713 Perci

168 2750 227 2813 tilii
253 2751 331 2832 ejus,
352 2755 386 2812 et
409 2748 569 2812 Willelmi
591 2749 631 2813 de
658 2750 750 2813 Perci
774 2748 834 2811 filii
857 2749 964 2825 Alani,
989 2755 1022 2812 et
1047 2747 1185 2812 aliorum
1209 2747 1305 2810 advo·

168 2854 310 2913 catorum
326 2868 466 2925 suorum,
477 2848 563 2911 unde
578 2848 700 2912 habent
715 2854 818 2911 cartas
833 2867 964 2925 eorum;
982 2852 1015 2910 et
1029 2847 1109 2909 duas
1124 2850 1305 2909 carrucatas

167 2948 235 3012 t'rae
257 2949 293 3010 in
315 2947 514 3024 Hakanessa,
537 2955 569 3011 et
588 2953 727 3030 quatuor
749 2947 783 3008 in
806 2945 839 3008 N
841 2943 975 3021 ordfeld,
998 2950 1031 3007 et
1053 2943 1133 3006 duas
1155 2943 1190 3004 in
1213 2941 1305 3003 Brin-

167 3046 394 3122 istona,³cu1n
420 3052 499 3129 pert.
524 3045 601 3121 suia,
626 3044 698 3108 sine
727 3044 816 3107 omni
842 3042 944 3126 geldo,
968 3042 1173 3106 concedimus
1201 3040 1247 3103 eis
1273 3044 1306 3102 et

167 3146 248 3210 coni.
265 3145 299 3207 in
322 3144 413 3209 elem.
428 3151 625 3228 perpetuam.
672 3144 777 3219 Quare
793 3140 942 3204 volumus
958 3148 991 3205 et
1006 3141 1140 3203 firmiter
1160 3137 1305 3222 praecipi-

168 3264 241 3308 mus
264 3249 302 3307 ut
323 3244 404 3307 bene
418 3250 452 3307 et
467 3245 502 3306 in
524 3264 611 3326 pace,
626 3242 725 3306 libere
747 3247 780 3304 et
803 3240 975 3304 honorilice
998 3245 1031 3303 et
1046 3240 1153 3322 quiete
1175 3243 1308 3301 teneant

169 3342 318 3409 eeclesias
333 3348 366 3406 et
381 3342 520 3407 decimas
536 3351 569 3406 et
584 3342 658 3405 t'ras
681 3361 764 3415 suas,
779 3340 814 3403 in
830 3341 925 3404 bosco
940 3345 973 3404 et
988 3339 1094 3421 plano,
1109 3339 1144 3401 in
1158 3336 1259 3421 pratis
1274 3340 1307 3399 et

169 3441 319 3526 pasturis,
335 3442 369 3503 in
385 3441 477 3524 aquis
499 3448 533 3504 et
554 3439 758 3516 molendinis,
773 3439 808 3500 in
823 3437 968 3501 mariscis
984 3445 1018 3501 et
1032 3437 1173 3514 vivariis,
1187 3442 1221 3500 et
1242 3435 1306 3518 pis-

169 3540 263 3604 ostiis
285 3546 319 3602 et
338 3539 478 3603 exclusis
494 3546 526 3602 et
547 3539 677 3622 stagnis,
691 3538 775 3601 infra
795 3538 928 3620 burgam
951 3543 984 3600 et
1005 3541 1104 3612 extra,
1120 3536 1155 3598 in
1177 3535 1255 3598 soris
1275 3537 1309 3597 et

169 3639 267 3715 feriis,
282 3639 317 3700 in
339 3639 471 3701 civitate
495 3647 527 3701 ot
548 3646 647 3712 extra,
663 3638 696 3699 in
719 3637 845 3700 forestis
861 3644 895 3700 et
917 3635 1040 3713 divisis,
1055 3637 1090 3698 in
1105 3635 1258 3699 vaccariis
1276 3638 1309 3696 et

170 3737 392 3813 heremitoriis,
407 3738 442 3800 in
459 3738 520 3800 viis
542 3746 575 3800 et
597 3737 731 3813 semitis,
746 3742 781 3800 et
802 3737 836 3799 in
860 3757 943 3801 omn.
960 3735 1039 3799 locis
1062 3741 1095 3799 et
1116 3736 1219 3811 rebus,
1234 3755 1308 3797 cum

169 3857 254 3900 omn.
266 3836 470 3901 libertatibus
483 3844 515 3899 ot
527 3835 779 3918 quietationibus
791 3856 864 3899 cum
876 3835 995 3917 quibus
1007 3834 1122 3898 melius
1134 3842 1166 3897 et
1178 3834 1309 3896 liberius

170 3944 345 4001 tenuerunt
360 3936 558 4018 temporibus
574 3934 731 3998 Willelmi
750 3936 855 4018 Regis,
869 3934 962 3996 abavi
979 3934 1088 4007 nostri,
1104 3939 1136 3996 ct
1152 3930 1308 3993 Willelmi

172 4035 270 4118 Regis
294 4034 353 4097 filii
377 4036 455 4117 ejus,
478 4040 510 4097 et
537 4035 672 4097 Henrici
695 4034 791 4117 Regis
818 4034 930 4117 proavi
956 4032 1066 4107 nostri,
1093 4031 1153 4114 [et]
1179 4029 1307 4112 gloriosi

172 4134 269 4216 Regis
307 4134 452 4209 Henrici,
482 4134 584 4217 patris
621 4133 729 4197 nostri.
791 4135 891 4196 Teste.
952 4132 988 4194 R.
1020 4130 1103 4193 And.
1141 4129 1306 4212 Episcopo.

173 4233 298 4296 Comitc
322 4233 362 4297 de
389 4233 511 4296 Mellet.
557 4233 703 4295 Gallrido
730 4233 851 4295 lostam.
907 4230 1083 4312 Reginuldo
1110 4228 1148 4292 dc
1176 4229 1310 4303 ΡιιῖοΙΓ,4

210 4369 217 4402 ¹
239 4371 273 4420 M.
288 4371 404 4423 essartis.
585 4367 596 4400 2
615 4371 651 4419 M.
667 4369 808 4435 reguardis.
982 4366 992 4398 ³
1012 4368 1047 4417 bl.
1064 4366 1271 4431 liriningcstoua

209 4451 218 4483 ⁴
239 4454 307 4504 Note
320 4454 423 4519 Rogero
437 4454 468 4502 dc
482 4454 589 4503 l'ratrll'
604 4457 629 4502 nt
645 4453 695 4502 ond
710 4454 737 4501 ot
752 4453 798 4501 No.
817 4455 873 4503 les.
