2916 4986
157 481 219 540 280
343 485 612 540 cARrULARIUM
631 483 835 536 ABBATHIAE
855 483 902 534 DE
920 481 1110 534 WHITEBY.

156 655 346 719 auctoritate
368 652 554 735 Apostolica
575 669 673 733 super
694 648 769 713 6001
792 648 832 712 de
854 648 1014 731 Orosseby
1036 643 1298 720 Ravneswarthe,

157 753 291 816 Karliol
323 753 493 828 dioceseos,
521 751 607 814 inter
636 749 840 813 Willelmum
870 747 910 812 de
940 747 1099 823 Sevenak,
1129 746 1300 820 Clericum,

156 858 296 916 actorem
318 851 527 934 personaliter
549 857 796 932 comparentem,
811 869 852 913 611
874 854 965 932 parte
986 868 1061 923 una,
1082 852 1117 910 et
1139 845 1298 909 Abbatem

156 958 191 1016 et
206 951 304 1016 Conv.
321 951 435 1014 Mon'ii
450 951 490 1014 de
505 949 672 1033 Whiteby,
688 948 818 1012 Ordinis
842 948 872 1013 S.
890 944 994 1032 (loga)
1012 945 1193 1021 Benedicti,
1208 944 1299 1007 Ebor.

157 1050 327 1125 dioceseos,
349 1070 406 1134 per
427 1049 581 1112 Astinum
607 1047 647 1112 de
670 1047 846 1123 Thomton,
869 1046 1039 1123 Olericum,
1061 1051 1297 1128 procuratorem

156 1169 253 1212 suum
278 1148 421 1233 legitime
444 1149 660 1211 constitutum
686 1152 933 1229 comparentem,
956 1167 996 1210 ex
1023 1154 1115 1228 parte
1137 1144 1299 1208 altera:-

158 1248 263 1312 Vidol
279 1269 353 1312 cum
368 1253 528 1312 constaret
543 1249 645 1325 nobis,
655 1253 724 1311 tam
738 1267 795 1332 per
808 1247 933 1310 litteras
948 1266 1046 1329 quam
1062 1246 1176 1308 vivam
1190 1263 1300 1307 vocem

159 1348 284 1411 Decem
310 1348 511 1411 Westmariae
537 1347 659 1411 ibidem
684 1346 864 1431 prasentia,
887 1345 1057 1428 praedictos
1081 1344 1246 1408 Abbatem
1270 1347 1303 1406 et

45 1450 47 1453 ’
160 1446 260 1511 Oonv.
282 1447 425 1530 legitime
448 1446 548 1510 fuisse
569 1447 685 1510 citatos
713 1452 749 1509 ut
774 1445 937 1529 praedictis
961 1444 1014 1508 die
1040 1451 1074 1508 et
1098 1444 1171 1507 loco
1195 1462 1300 1506 coram

160 1546 253 1609 nobis
268 1547 320 1609 vel
335 1546 561 1609 commissariis
581 1546 700 1609 nostris
723 1551 950 1627 comparerent,
965 1543 1118 1627 praedicto
1132 1541 1301 1606 Willelmo

160 1645 200 1709 de
219 1645 393 1721 Sevenake,
409 1644 542 1720 clerico,
557 1664 654 1728 super
667 1643 821 1727 praediota
835 1642 910 1707 6001
926 1642 967 1706 de
982 1643 1142 1724 Orosseby
1158 1642 1302 1704 1111161-

160 1744 281 1808 warthe
296 1743 524 1827 responsuros,¹
546 1793 553 1808 .
578 1793 585 1808 .
609 1741 630 1806 .²
644 1742 737 1807 lectis
752 1763 857 1807 coram
873 1742 965 1806 nobis
980 1741 1016 1804 in
1034 1741 1160 1824 judicio
1183 1740 1302 1804 litteris

160 1844 352 1927 apostolicis,
389 1843 605 1927 procuratorio
643 1846 676 1905 et
713 1842 785 1905 aliis
822 1840 1046 1904 instrumentis
1079 1839 1302 1923 judicialibus,

160 1963 333 2025 eorumque
355 1943 447 2025 copia
468 1941 545 2005 hinc
566 1941 642 2005 inde
667 1941 770 2024 petita
793 1945 826 2004 et
848 1939 988 2017 obtenta,
1011 1939 1169 2022 signoque
1193 1945 1301 2002 nostro

160 2041 295 2124 signata,
317 2041 487 2123 oblatoque
513 2040 624 2104 libello
652 2047 685 2103 61
710 2060 730 2102 1
754 2038 907 2122 praedicto
936 2042 1140 2120 procuratore
1166 2042 1304 2121 recepto,

161 2139 266 2202 eidem
288 2141 484 2221 procuratori
507 2140 593 2203 diem
614 2138 655 2203 ad
677 2137 920 2202 deliberandum
942 2142 974 2201 et
995 2136 1037 2201 ad
1056 2136 1207 2200 dominos
1229 2155 1302 2199 suos

162 2235 382 2311 consulendos,
397 2241 430 2299 61
452 2236 562 2299 libello
586 2237 744 2300 informa
762 2236 845 2319 juris
867 2233 1088 2319 respondend',
1102 2234 1303 2317 praefiximus

162 2333 302 2396 —videl
330 2333 415 2396 diem
444 2335 543 2396 Luuae
569 2335 753 2416 proximum
779 2339 855 2398 ante
880 2332 1117 2398 [Natiuitatis
1141 2332 1305 2397 «Iohannis

162 2431 326 2514 Baptistae,
348 2431 418 2494 1000
441 2451 505 2514 quo
531 2432 630 2513 prius,
653 2440 686 2498 et
711 2433 867 2517 partibus,
888 2432 930 2497 ad
954 2432 1090 2497 ulterius
1117 2432 1303 2496 faciendum

163 2530 249 2614 quod
264 2531 444 2614 postulavit
457 2531 534 2595 ordo
546 2531 638 2614 juris.

251 2732 464 2799 CCCXXXI.
486 2734 573 2799 Arm
588 2751 694 2799 canan
709 2752 752 2799 11
768 2736 938 2800 anssnns
953 2736 1224 2811 Rerumwanrn,

632 2863 672 2910 11
688 2863 829 2911 aarum.

205 2992 313 3056 Dioit⁸
334 2999 367 3058 et
388 2995 538 3079 proponit
560 2993 743 3058 Willelmus
766 2994 806 3058 de
829 2995 1004 3071 Sevenalre
1020 2994 1175 3071 Clericus,
1195 3014 1303 3058 eoram

163 3092 263 3167 vobis,
287 3093 442 3176 Magister
465 3094 603 3157 Thomas
629 3094 670 3157 de
695 3093 820 3169 Foveis,
846 3093 1010 3169 Officialis,
1034 3099 1067 3157 61
1093 3092 1305 3157 Commissari

163 3189 241 3252 D'ni
255 3192 502 3256 Archidiaconi⁴
517 3192 667 3269 Karleol.,
678 3192 804 3275 judices
820 3213 839 3256 a
855 3192 938 3256 Sede
953 3191 1140 3275 Apostolica
1155 3191 1306 3276 delegati,

163 3289 249 3370 quod
276 3311 349 3353 cum
379 3292 449 3374 ipse
475 3292 637 3355 Abbatem
663 3297 697 3355 61
723 3291 928 3355 Conventum
955 3291 995 3354 de
1023 3290 1179 3374 Whiteby
1206 3291 1244 3355 0.
1272 3292 1303 3356 S.

163 3386 338 3464 Benedicti,
354 3390 445 3454 Ebor.
462 3391 633 3467 dioceseos,
648 3411 744 3475 super
765 3390 900 3455 ecclesia
914 3390 956 3454 de
978 3389 1144 3473 Orosseby,
1160 3389 1304 3454 Karleol.

163 3483 332 3561 dioceseos,
347 3508 452 3549 coram
476 3489 668 3552 Succentore
691 3489 842 3553 Ecclesiae
865 3487 1007 3552 Karleol.
1023 3495 1056 3551 et
1071 3488 1217 3570 ejusdem
1240 3488 1304 3553 loci

162 3582 318 3664 Magistro
345 3584 507 3661 stolarum,
530 3587 648 3669 quibus
672 3588 927 3652 Archidiaconus
953 3587 1134 3671 praedictus,
1152 3586 1259 3671 judex
1285 3610 1306 3653 a

164 3681 245 3744 Sede
268 3682 456 3764 Apostolica
478 3683 654 3768 delegatus,
676 3687 711 3750 in
733 3687 804 3771 ipsa
826 3708 922 3751 causa
943 3708 1009 3752 nou
1031 3687 1066 3750 in
1085 3690 1192 3749 totum
1214 3687 1305 3751 vices

162 3802 236 3845 suas
251 3783 461 3860 commiserat,
476 3784 665 3850 auctoritate
687 3786 867 3851 litterarum
884 3788 961 3851 D'ni
976 3788 1073 3870 Papae
1090 3786 1305 3864 convenisset,

198 3926 207 3959 ¹
225 3933 377 3994 responsuri.

198 4007 209 4042 ²
226 4012 282 4063 The
295 4019 354 4064 text
366 4031 474 4080 appears
486 4020 515 4066 to
527 4015 560 4066 bs
573 4020 681 4082 corrupt
693 4017 763 4080 here,
776 4017 823 4068 the
835 4017 944 4084 reading
962 4018 1040 4084 being
1054 4017 1145 4082 “juris
1164 4017 1305 4083 perituri.''

163 4093 191 4143 lt
202 4093 225 4143 is
237 4095 351 4147 difficult
362 4102 391 4147 to
402 4102 510 4165 suggest
521 4098 569 4149 the
581 4098 681 4150 needed
693 4100 845 4150 correction.

198 4173 209 4208 ³
228 4177 297 4241 Vicit,
311 4179 361 4230 bnt
371 4181 419 4231 the
431 4182 576 4232 correction
587 4181 610 4232 is
623 4181 739 4233 obvious
778 4182 826 4233 See
838 4182 889 4233 No.
903 4185 962 4235 338.

198 4255 208 4289 ⁴
228 4260 398 4313 Arohdeaoon
418 4263 511 4329 Henry
529 4279 583 4313 was
601 4264 710 4313 witness
728 4267 757 4314 to
775 4280 791 4313 a
808 4269 887 4330 grant
907 4264 935 4315 of
956 4265 1054 4332 Bishop
1072 4265 1198 4317 Chause’s
1217 4266 1305 4318 about

166 4343 240 4392 1260.
278 4344 334 4395 'l'he
351 4345 493 4396 document
511 4346 605 4396 named
623 4346 650 4394 in
669 4346 715 4396 the
733 4346 787 4397 last
805 4351 876 4409 note,
893 4348 947 4398 and
966 4349 1065 4414 closely
1084 4349 1184 4401 related
1207 4354 1237 4401 to
1255 4352 1304 4402 the

161 4428 269 4486 present
282 4442 338 4488 0111,
351 4427 374 4477 is
386 4426 465 4478 dated
482 4429 556 4479 1264.
