2916 4986
281 527 555 582 consonantem
574 527 778 580 ABBATHIAE
795 528 845 579 DII
862 527 1050 580 WHITEBY.
1193 518 1232 577 43

93 694 296 760 decrevimus
328 692 556 769 concedendas,
585 698 653 756 tam
687 692 827 770 illorum,
856 713 955 776 quam
988 694 1134 757 omnium
1164 694 1238 756 Vir·

93 815 185 857 orum
208 793 446 876 Religiosorum
463 792 539 875 jura
560 811 748 856 conservare
770 792 946 875 cupientes.
991 792 1067 856 Hiis
1093 792 1239 856 testibus.

94 890 496 978 S[ymone],Deeano(11)
509 890 710 955 Eboraeensi.
743 890 1240 975 R[icardo],AbbatedeSeleby.

95 994 275 1078 R[oberto],
290 992 418 1057 Abbate
433 992 474 1056 de
495 992 589 1055 Ebor.
630 991 841 1075 Haurentiol
855 991 964 1055 Priore
979 990 1019 1055 de
1034 991 1237 1055 Giseburnia

96 1093 255 1177 Magistro
292 1089 475 1174 Radulpho,
503 1089 731 1174 Hospitalensi
766 1090 860 1154 libor.
919 1090 1077 1174 Magistro
1113 1088 1237 1173 P[etro]

96 1192 221 1256 Albini.
267 1191 415 1267 Osberto,
435 1190 570 1254 Decano
597 1188 784 1254 Oliveland’.
829 1189 1024 1266 Alexandro,
1045 1191 1176 1255 Deeano
1198 1189 1239 1254 ds

96 1291 221 1356 Ridala
267 1291 417 1375 Symone,
431 1289 590 1374 Magistro
605 1288 646 1353 de
660 1288 830 1372 Wycham.

112 1452 292 1517 XXXVII.
316 1451 547 1517 cormarrino
563 1450 737 1514 Berraum
752 1450 907 1514 Er1scor1
923 1451 1171 1515 GARLEOLIINSIS
1186 1467 1221 1515 nv

535 1564 694 1613 racemos
709 1564 802 1615 osus.

143 1688 304 1755 Omnibus
320 1690 351 1754 S.
368 1688 413 1752 Μ.
430 1688 584 1753 Ecclesiae
599 1687 685 1764 filiis,
701 1687 893 1764 Bernardus,
908 1688 949 1751 D.
965 1687 1004 1752 G.
1017 1686 1237 1752 Karleolensis

98 1789 289 1874 Episcopus,
316 1789 465 1853 salutem.
510 1787 647 1852 Noverit
668 1787 758 1852 univ.
773 1792 890 1864 vestra,
912 1807 972 1851 nos
995 1786 1100 1850 divini
1121 1788 1238 1852 amoris

97 1890 234 1964 intuitu,
249 1888 375 1952 dedisse
390 1893 423 1952 et
438 1886 643 1963 concessisse,
658 1893 692 1951 et
713 1887 748 1950 in
764 1906 842 1950 usus
865 1887 1011 1970 proprios
1026 1887 1239 1963 confirmasse,

99 1989 172 2053 Deo
195 1994 228 2052 et
249 1987 334 2050 Eecl.
358 1986 389 2051 S.
412 1987 500 2051 Petri
522 1991 556 2051 et
577 1985 608 2050 S.
633 1985 755 2069 Hyldee
777 1985 817 2050 de
836 1985 989 2070 Wyteby,
1013 1991 1046 2050 et
1068 1984 1239 2051 Monachis

97 2087 176 2151 ibid.
200 2087 271 2151 Deo
293 2107 384 2163 serv,
405 2085 575 2151 eeclesiam
597 2085 637 2150 de
660 2085 817 2168 Grosseby
833 2086 1052 2162 Ravenswart,
1074 2105 1149 2150 cum
1172 2106 1239 2150 om·

99 2187 198 2251 nibus
233 2186 439 2269 pertinentiis
476 2185 553 2263 suis,
589 2185 625 2248 in
661 2205 692 2269 p.
715 2189 748 2249 at
783 2205 870 2269 perp.
902 2185 992 2249 elem.
1005 2185 1104 2250 :-ita
1143 2185 1240 2271 quod,

99 2293 176 2370 post
190 2285 365 2361 decessum,
381 2285 434 2349 vel
456 2285 643 2362 cessionem,
657 2283 711 2349 vel
733 2289 839 2349 status
855 2285 1068 2350 mutationem
1091 2285 1240 2370 Magistri

100 2384 245 2462 Emaldi,
260 2385 356 2450 liceat
378 2383 499 2450 eisdem
522 2384 694 2449 Monaehis
718 2383 853 2448 eandem
875 2384 1044 2449 ecelesiam
1065 2385 1185 2450 intrare
1208 2390 1241 2450 et

100 2486 208 2551 claves
224 2485 368 2569 ejusdam
380 2485 525 2563 retinere,
540 2485 663 2550 nullius
678 2505 823 2569 persona
837 2491 1014 2569 expectate,
1023 2486 1076 2550 vel
1086 2485 1242 2569 requisita

99 2587 254 2664 lieentia;
276 2591 309 2651 et
332 2606 443 2650 omnes
460 2592 637 2670 proventus
652 2585 755 2669 ipsius
777 2585 920 2650 ecclesiae
941 2585 978 2648 in
999 2605 1077 2649 usus
1097 2585 1240 2669 proprios

101 2692 294 2762 convertere,
316 2685 478 2769 assignata
500 2685 735 2749 sustentatione
761 2690 891 2749 centum
913 2684 1087 2749 solidorum
1111 2672 1150 2749 de
1170 2704 1242 2768 pro-

103 2785 256 2849 ventibus
279 2784 382 2868 ipsius
406 2784 548 2849 ecolesiae
570 2784 702 2848 Vieario
732 2784 768 2848 in
792 2783 904 2848 eadem
930 2784 1162 2861 ministmturo,
1184 2783 1240 2867 qui

104 2885 206 2961 nobis,
231 2883 285 2948 vel
314 2882 552 2948 successoribus
582 2883 709 2961 nostris,
738 2903 796 2967 per
824 2882 1002 2949 Monaehos
1031 2889 1241 2965 praesentatus

103 2983 206 3060 nobis,
228 2990 261 3047 et
287 2983 524 3048 successoribus
551 2983 679 3059 nostris,
706 2981 746 3047 de
773 2982 1008 3066 episcopalibus
1041 2979 1241 3064 respondeat.

107 3083 182 3146 Hiis
196 3083 343 3147 testibus.
388 3083 471 3166 [The
486 3103 574 3147 same
589 3103 624 3147 as
639 3083 675 3147 in
689 3083 745 3148 the
760 3084 825 3147 last
838 3087 904 3146 two
919 3080 1132 3164 documento]

142 3244 340 3309 XXXVIII.
364 3246 949 3330 CominuanoH[ooor1s]Paron1s
965 3242 1211 3308 Cremonensis.

153 3379 321 3444 Universis
336 3381 377 3444 ad
392 3402 472 3464 quos
488 3380 549 3446 hoo
564 3402 654 3465 prees.
671 3402 727 3446 sor.
743 3402 839 3466 perv,
852 3381 978 3466 H[ugo]
994 3381 1086 3445 Prior
1102 3380 1242 3446 Karieol.

106 3483 140 3543 et
166 3484 253 3542 totus
280 3479 424 3564 ejusdem
450 3481 514 3545 loci
538 3482 734 3558 Conventus,
761 3481 817 3546 sal.
848 3481 883 3545 in
913 3481 1062 3545 Domino.
1107 3481 1244 3546 Noverit

107 3579 195 3641 univ.
219 3599 249 3643 v.
276 3600 344 3656 nos,
370 3581 535 3644 communi
554 3601 689 3645 assensu
715 3585 748 3646 et
772 3582 941 3645 voluntate
967 3579 1112 3664 Capituli
1132 3582 1244 3658 nostri,

107 3678 312 3756 concessisse,
341 3685 500 3762 quantum
530 3679 571 3744 ad
601 3701 660 3744 nos
697 3681 848 3764 pertinet,
877 3687 910 3745 et
936 3681 1103 3765 praesentis
1133 3682 1245 3765 scripti

109 3778 301 3842 auctoritate
341 3779 547 3843 confirmasse
582 3780 661 3843 viris
698 3780 935 3844 venerabilibus
976 3788 1009 3845 et
1045 3781 1080 3844 in
1117 3781 1246 3845 Christo

110 3877 297 3954 karissimis,
313 3877 483 3942 Monachis
505 3877 659 3942 Ecclesiae
675 3878 705 3943 S.
723 3880 811 3943 Petri
834 3885 867 3944 et
889 3879 1009 3963 Hyidae
1031 3879 1071 3944 de
1092 3880 1245 3962 Wy'teby,

109 3975 200 4038 illam
223 3977 461 4042 concessionem
485 3984 519 4042 et
544 3977 819 4042 confirmationem
843 3999 940 4062 quam
963 3980 1056 4042 bonae
1085 3979 1246 4040 memoriae

111 4075 303 4140 venerabilis
325 4082 416 4159 pater
438 4081 556 4153 noster,
572 4077 755 4141 Bernardus
770 4078 905 4142 Karliol.
924 4079 1032 4160 Ep’us,
1048 4077 1093 4140 eis
1109 4076 1247 4140 contulit

111 4194 207 4256 super
228 4175 362 4240 ecelesia
383 4176 422 4241 de
447 4176 605 4261 Orosseby
621 4177 838 4254 Ravenswart,
853 4179 888 4241 in
911 4175 1046 4239 Karliol.
1070 4175 1196 4251 diocesi,
1212 4175 1247 4238 in

111 4274 253 4356 proprios
282 4296 362 4340 usus
392 4274 627 4360 possidendam.
687 4277 730 4338 Et
759 4285 798 4341 ut
826 4276 981 4360 praedicta
1010 4279 1080 4338 rata
1109 4273 1185 4350 sint,
1214 4281 1248 4338 et

112 4373 245 4451 illibata,
260 4375 318 4438 illa
339 4396 430 4459 praes.
449 4375 567 4458 scripto
583 4381 616 4440 et
631 4375 729 4459 sigilli
745 4376 847 4440 nostri
869 4373 1072 4459 appositione
1094 4374 1247 4443 duximus

113 4473 295 4538 munienda
339 4475 458 4541 Valeat
472 4473 665 4540 universitas
680 4475 715 4538 in
730 4474 880 4539 Domino.
