2916 4986
276 527 549 581 catantiarum
565 527 770 580 ABBATHIAE
788 528 838 580 DE
855 528 1041 583 WHITEBY.
1165 515 1227 575 323

539 742 778 808 OOCLXXIX.

135 879 194 963 [Io
208 901 229 943 a
244 881 305 945 late
319 881 408 944 baad
422 880 632 964 immediately
647 887 681 944 ct
696 881 745 945 tm
759 880 834 945 close
849 882 887 965 os
903 880 960 945 No.
980 885 1040 946 175
1053 903 1093 945 me
1102 881 1132 964 f.
1151 876 1229 943 133b

89 980 119 1041 ia
134 979 182 1042 ibe
189 981 355 1062 sollertiae
365 980 431 1064 :-]
868 1035 869 1039 ,

135 1078 201 1142 The
215 1085 398 1163 agreement
413 1079 558 1142 between
572 1076 628 1142 the
639 1077 765 1143 Abbott
779 1080 815 1142 of
826 1079 981 1162 Whitbyc
996 1080 1060 1144 and
1074 1079 1130 1143 the
1145 1077 1229 1142 Lord

91 1179 234 1242 Sneatcn
254 1199 349 1260 yses
371 1177 496 1242 follows
518 1177 687 1260 according
708 1178 765 1242 the
786 1178 930 1243 bounder
951 1179 1027 1244 haer
1048 1185 1113 1244 sctt
1133 1178 1229 1242 down

91 1276 165 1340 that
179 1277 235 1342 the
249 1227 360 1342 Abbot
373 1277 422 1341 ior
435 1276 487 1340 hie
498 1277 685 1359 Monestory
697 1277 761 1340 and
777 1277 828 1342 his
841 1297 959 1363 grange
970 1280 1006 1342 of
1018 1279 1150 1343 Staxbie
1164 1276 1229 1341 and

91 1376 239 1441 Whitbic
260 1376 386 1461 laythes
406 1397 481 1458 may
495 1381 566 1459 gott
587 1376 688 1440 turice
704 1376 820 1440 within
841 1377 898 1441 the
917 1376 1035 1462 plac[e]
1051 1377 1116 1441 and
1130 1374 1229 1460 pluck

92 1475 163 1558 ling
177 1475 272 1540 when
286 1474 374 1540 wher
388 1495 424 1539 or
438 1495 473 1539 as
488 1473 566 1556 they
581 1474 649 1538 will
664 1474 729 1538 and
743 1473 799 1539 the
813 1474 885 1538 lord
899 1475 935 1539 of
947 1475 1069 1541 Sneton
1083 1475 1132 1539 for
1145 1474 1230 1538 him-

93 1574 172 1638 selfe
186 1574 271 1658 only.

138 1749 355 1815 CCCLXXX.
379 1749 621 1813 Mrnoaxmms
636 1764 735 1812 mma
750 1750 914 1813 ΑΒΒΑΤΕΜ
929 1765 972 1813 ns
987 1749 1130 1813 Wnrrsr
1146 1765 1186 1813 rr

433 1861 672 1925 amorum
687 1876 731 1924 mr
747 1860 888 1926 Sunrorr.

139 1998 387 2063 Memorandum
419 1998 504 2081 quod
544 2019 619 2062 cum
648 1998 737 2081 pacis
768 1997 895 2062 aemulis
925 1997 1077 2079 Sathena
1105 1998 1230 2062 facibus

96 2098 263 2162 discordiae
285 2097 534 2163 seminatoribus
556 2097 788 2181 instigantibus
809 2097 898 2180 pacis
921 2097 1099 2173 vinculum,
1114 2098 1230 2161 amoris

94 2196 208 2273 foedus,
222 2217 370 2280 rumpere
392 2195 595 2271 conantibus,
609 2216 683 2279 pax,
698 2215 787 2259 amor
808 2203 842 2259 et
864 2195 968 2259 foedus
991 2195 1125 2259 Domini
1146 2196 1231 2260 inter

94 2293 272 2372 Thomam,¹
297 2294 458 2359 Abbatem
478 2300 512 2358 et
537 2293 635 2358 Oonv.
661 2293 702 2358 de
728 2293 893 2377 Whiteby,
918 2314 958 2358 ex
984 2299 1075 2377 parte
1101 2314 1175 2372 una,
1198 2300 1231 2360 et

95 2393 262 2457 dominum
287 2391 532 2470 Alexandrum,²
561 2392 664 2456 filium
691 2392 756 2456 d’ni
786 2392 945 2457 Willelmi
981 2393 1022 2458 de
1058 2394 1160 2477 Percy
1189 2393 1230 2458 dc

96 2493 246 2576 Kyldale,
261 2514 301 2558 ex
317 2493 427 2570 altera,
441 2493 627 2557 exulassent
641 2512 738 2575 super
759 2491 956 2576 quibusdam
978 2492 1124 2557 articulis
1146 2492 1230 2557 infra

96 2593 224 2670 notatis,
245 2594 417 2657 reformata
438 2597 517 2657 sunt
538 2591 671 2675 praefata
693 2596 726 2654 et
748 2590 926 2674 pacificata,
948 2591 1230 2674 adquiescentibus

94 2693 250 2776 partibus,
265 2692 301 2754 in
321 2690 409 2755 hunc
430 2691 564 2754 modum
576 2690 784 2774 ;—Inprimis
796 2690 931 2754 :-Cum
954 2689 1120 2753 altercatio
1142 2695 1230 2754 mota

96 2792 179 2855 inter
203 2797 312 2874 partes
334 2791 449 2854 fuisset
474 2811 570 2875 super
592 2791 730 2854 fossione
752 2794 785 2853 et
807 2788 1003 2853 radicatione
1026 2789 1175 2852 arborum
1197 2797 1230 2854 et

97 2890 216 2952 bruerii
239 2889 275 2952 in
297 2909 386 2953 mora
411 2889 551 2973 quadam
573 2909 645 2972 quae
667 2909 702 2953 sc
717 2887 865 2952 extendit
886 2907 906 2951 a
927 2893 1017 2971 parte
1039 2887 1231 2953 orientalia

95 2988 200 3052 rivulo
223 2988 263 3052 de
286 2987 453 3072 Sonrgryff
475 3007 494 3051 a
520 2987 674 3052 Katcwik
700 2986 856 3071 quamdiu
880 2986 987 3050 dictus
1013 2992 1136 3051 torrens
1157 3007 1230 3070 pro·

97 3084 228 3150 cedere³
243 3086 372 3150 videtur
394 3087 430 3149 in
454 3092 608 3162 austrum,
625 3091 657 3150 et
680 3087 727 3150 sic
746 3106 849 3170 usque
872 3085 913 3149 ad
935 3085 1100 3170 quendam
1115 3085 1230 3150 collem

92 3187 188 3269 juxta
202 3186 324 3251 vicinia
339 3192 490 3251 extremas
505 3187 606 3270 partis
623 3185 775 3250 australis
790 3184 872 3250 dicti
888 3184 996 3262 rivuli,
1012 3185 1108 3249 etsie
1126 3205 1229 3268 usque

97 3286 138 3349 ad
152 3286 315 3370 quandam
329 3306 456 3351 crucem
471 3306 544 3369 quae
565 3286 753 3350 nominatur
776 3285 864 3350 Crux
885 3285 909 3350 J
911 3284 1057 3362 ohannis,
1072 3289 1106 3349 et
1126 3304 1229 3367 usque

96 3384 258 3466 quendam
281 3385 415 3462 iontem,
439 3391 473 3449 et
499 3384 546 3449 sic
569 3405 628 3468 per
652 3385 739 3448 viam
768 3404 840 3467 quae
866 3383 958 3449 ducit
980 3383 1016 3447 in
1045 3383 1230 3468 aquilonem

97 3504 199 3566 usque
214 3484 380 3549 ulteriores
394 3484 506 3548 domos
521 3483 562 3548 de
578 3483 752 3569 Uglardby.

144 3589 214 3646 1⁰³⁰·
227 3584 402 3650 Articulns.
446 3583 616 3660 Videlicet,
627 3583 712 3666 quod
728 3583 847 3658 Abbas,
858 3603 916 3666 pro
931 3602 965 3649 se
982 3589 1015 3647 et
1030 3583 1230 3648 Monasterio

96 3703 154 3746 suo
177 3688 209 3746 et
230 3683 401 3768 grangi[i]e
422 3683 462 3747 de
485 3682 646 3767 Stakesby
660 3687 693 3746 et
707 3681 937 3747 Whitbilathis
958 3682 1150 3760 iniradictis,
1172 3703 1230 3767 pro

96 3783 331 3846 sustentatione
355 3782 515 3847 dictorum
540 3781 686 3845 locorum
711 3783 747 3845 in
770 3781 874 3859 fooali,
900 3782 1033 3846 iodeont
1057 3783 1168 3845 turbas
1198 3787 1232 3845 et

97 3880 260 3944 eradicent
285 3881 448 3945 brueriam
478 3881 736 3963 quandocunque
760 3885 793 3944 et
822 3900 1016 3964 quocunque
1041 3880 1232 3963 placuerint,

96 3979 166 4043 sine
192 3980 424 4063 impedimento
450 3980 530 4044 dicti
562 3979 738 4044 Alexandri
768 3978 821 4043 vel
844 3979 919 4043 haer.
946 3998 1087 4054 suorum,
1112 3979 1230 4061 imper-

96 4083 239 4160 petuum.
277 4080 320 4141 Et
333 4079 430 4162 prad.
443 4077 626 4143 Alexander
640 4078 676 4141 in
691 4079 788 4142 moris
801 4078 841 4142 de
854 4077 1043 4160 Steynsiker
1054 4081 1087 4140 et
1102 4077 1231 4160 anys-

96 4175 208 4258 garthe
232 4176 341 4241 fodent
367 4184 399 4240 et
422 4176 561 4242 eradicet
583 4176 624 4241 ad
646 4197 727 4260 opus
749 4196 845 4241 suum
867 4175 1041 4259 proprium,
1057 4180 1089 4238 et
1111 4194 1176 4238 non
1190 4176 1232 4239 ad

97 4296 178 4359 opus
201 4277 383 4340 tenentium
405 4295 545 4353 suorum,
560 4295 619 4341 nec
641 4277 677 4340 irr
699 4276 821 4341 Snetcn
844 4295 905 4341 neo
927 4275 963 4338 in
985 4273 1183 4358 Katedykes,
1204 4275 1232 4338 si

133 4399 142 4432 ¹
160 4401 277 4453 Thomas
289 4401 322 4452 de
334 4401 450 4461 Mittas,
466 4399 624 4470 lectiam.
913 4396 926 4433 ¹
943 4399 991 4452 Sec
1004 4397 1030 4449 N
1031 4414 1054 4450 o.
1068 4400 1111 4459 20,
1125 4403 1195 4451 note.

132 4481 143 4515 ³
157 4485 269 4548 procedi.
