2916 4986
267 495 540 549 GARTULARIUM
556 495 759 548 ABBATHIAE
777 495 827 546 DE
843 495 1030 549 WHI'I'EBY.
1180 487 1217 546 17

82 658 197 736 nalem,
223 665 257 725 et
282 663 375 724 t'ram
399 660 560 727 Iohannis
590 659 668 735 Pok,
693 680 806 724 versus
835 666 959 744 partem
985 661 1219 745 aquilonalem

81 759 155 825 Ten
171 765 206 824 et
227 759 300 824 heb.
315 760 412 844 praed.
426 759 619 836 Alexandro
633 759 776 824 Julianae
791 767 823 824 et
838 781 947 824 eorum
961 760 1151 839 haeredibus,
1165 761 1219 827 vel

78 879 191 923 eorum
214 859 418 943 assingnatis,
433 859 469 923 in
489 880 588 944 perp,
602 861 638 923 in
652 858 746 923 feodo
761 865 794 924 et
807 859 1003 938 haereditate,
1018 860 1058 924 de
1073 862 1166 925 nobis
1185 866 1219 926 et

80 957 155 1023 haur.
170 959 301 1036 nostris,
314 959 368 1024 vel
389 959 570 1044 assignatis,
584 959 693 1035 libere,
708 958 826 1042 quiete,
841 959 963 1043 integre
985 966 1018 1024 et
1039 961 1075 1024 in
1096 981 1219 1044 pace—

79 1057 257 1123 Reddendo
266 1058 342 1123 inde
354 1059 523 1123 annuatim
534 1059 627 1123 nobis
639 1066 672 1123 et
682 1057 756 1122 haer.
766 1058 893 1136 nostris,
902 1059 956 1122 vel
967 1061 1086 1124 nostris
1097 1061 1218 1145 ussing·
1231 1083 1385 1192 annuum

80 1158 177 1235 natis,
194 1158 253 1222 iiii.
271 1157 391 1223 solidos
413 1164 446 1223 et
467 1159 509 1222 vi.
533 1158 680 1222 denarios
702 1157 843 1241 urgenti;
864 1158 925 1223 viz.
940 1159 1022 1223 med.
1039 1160 1079 1223 ed
1102 1162 1216 1225 Pente
1229 1146 1323 1249 &¹¹³⁰

80 1263 202 1322 costern
225 1264 258 1323 et
280 1258 377 1322 aliam
392 1258 474 1322 med.
490 1258 531 1322 cd
546 1259 665 1322 festum
682 1258 712 1322 S.
728 1258 865 1321 Martini
879 1259 915 1321 in
928 1260 1064 1342 hyeme;
1085 1267 1118 1323 et
1132 1261 1261 1367 1³1³&ss
1288 1264 1365 1367 unm

80 1358 205 1422 centeri
219 1356 427 1422 conventuali
441 1357 595 1422 Ecclesiae
610 1357 642 1422 S.
657 1358 745 1422 Petri
760 1357 800 1422 de
816 1357 981 1441 Whiteby,
991 1359 1049 1442 qui
1063 1379 1120 1442 pro
1135 1365 1217 1423 tem·
1229 1380 1302 1438 herm,
1313 1379 1362 1427 aud

80 1477 157 1540 pore
172 1457 280 1534 fuerit,
293 1457 341 1542 (3)
358 1458 528 1522 duodecim
543 1456 689 1521 denarios
705 1457 826 1522 eisdem
838 1459 1003 1537 terminis;
1023 1465 1056 1523 et
1070 1460 1217 1524 faciendo
1229 1439 1386 1545 ffiow

80 1556 156 1620 inde
171 1556 360 1642 burgagium
376 1556 511 1620 Domini
525 1556 664 1620 Abbatis
678 1556 718 1621 de
729 1556 894 1640 Whiteby,
905 1562 1064 1639 quantum
1079 1559 1219 1640 pertinet
1230 1557 1385 1664 graffio

80 1655 122 1719 ad
136 1656 214 1720 dim.
229 1657 350 1721 toltum
364 1657 430 1720 t'rae
449 1656 484 1719 in
505 1656 617 1720 eadem
633 1656 721 1732 villa,
736 1677 793 1740 pro
808 1656 898 1720 omni
919 1657 1051 1720 servitio
1066 1657 1218 1735 saeculari,
1230 1675 1309 1734 being,
1321 1675 1370 1722 ann

80 1756 324 1833 consuetudine,
339 1761 373 1821 et
387 1755 552 1820 demenda.
590 1756 659 1820 Nos
673 1776 758 1832 vero,
766 1755 913 1832 Thomas,
927 1757 1080 1832 Andreas,
1096 1763 1129 1821 et
1143 1756 1216 1820 haer.
1229 1734 1358 1864 {2¹¹1}ssss

81 1855 193 1933 nostri,
218 1854 272 1919 vel
294 1855 480 1940 essingnati,
505 1854 602 1938 praed.
629 1855 705 1920 dim.
731 1856 850 1919 toftum
876 1857 942 1918 t’ree
968 1876 1043 1920 cum
1064 1854 1372 1959 aedificfitg'ssffisst,

80 1953 287 2036 pertinentiis
308 1955 376 2019 suis
399 1960 432 2019 et
453 1954 649 2033 asiementis,
670 1954 834 2038 praedictis
856 1954 1050 2033 Alexandro,
1075 1955 1217 2020 Julianae

81 2058 114 2116 et
135 2073 247 2117 eorum
268 2053 353 2131 beer„
367 2053 420 2118 vel
442 2074 552 2118 eorum
574 2074 644 2131 ass,
658 2074 683 2118 c.
700 2075 726 2118 ο.
743 2054 772 2118 h
789 2060 821 2118 et
835 2053 857 2119 i.
870 2055 906 2118 in
928 2075 1016 2138 perp.
1030 2055 1217 2120 warantiza-

81 2152 197 2218 bimus.
229 2154 271 2217 In
286 2155 378 2238 cujus
393 2154 440 2218 rei
454 2160 526 2218 test.
542 2174 630 2238 praes.
648 2161 743 2218 cartae
757 2153 864 2238 sigilla
878 2160 987 2218 nostra
1001 2157 1216 2238 apposuimus.

83 2250 160 2317 Hiis
185 2254 332 2318 testibus.
385 2254 481 2319 Petro
503 2254 544 2318 de
563 2253 713 2337 Feiceby,
734 2259 814 2317 tunc
838 2254 963 2318 Ballivo
988 2254 1028 2319 de
1050 2256 1216 2340 Whiteby.

82 2352 228 2417 Gallrido
265 2353 385 2418 Penok.
443 2352 629 2417 Alexandro
667 2353 783 2418 Scotte
842 2353 1009 2418 Willelmo
1046 2355 1086 2419 de
1123 2356 1216 2439 Lyth.

84 2450 237 2516 Iohanne
262 2451 420 2517 Hersand.
465 2452 632 2516 Willelmo
655 2452 722 2516 filio
749 2453 938 2517 Hermunni.
982 2454 1148 2519 Willelmo
1178 2454 1217 2519 de

82 2550 178 2618 Aula.
225 2550 371 2616 Galsrido
386 2551 426 2615 de
448 2552 543 2636 Lyth.
588 2551 746 2617 Nicholao
761 2553 801 2617 de
823 2552 916 2636 Lyth.
962 2554 1102 2617 Roberto
1124 2554 1216 2636 Pege.

82 2650 211 2735 Rogero
225 2652 394 2730 'l'inctore3
415 2655 449 2716 et
463 2650 542 2715 aliis.

169 2895 266 2959 XIII.

126 3058 237 3122 Sciant
261 3079 372 3123 omnes
399 3064 467 3122 tam
492 3079 538 3141 pr.
561 3079 657 3142 quam
686 3059 745 3123 sut.
769 3059 856 3142 quod
881 3078 947 3142 ego,
969 3058 1001 3120 N
1005 3056 1148 3120 icholaus
1179 3057 1218 3122 de

83 3157 237 3236 Cnrdoile,
248 3158 278 3223 d.
295 3167 329 3223 et
340 3179 365 3223 c.
378 3165 412 3223 et
426 3158 487 3223 hec
500 3179 546 3242 pr.
559 3179 584 3222 c.
594 3179 666 3222 mea
677 3159 760 3224 conf.
772 3160 843 3222 Deo
856 3165 888 3221 et
901 3156 1050 3221 almario¹
1066 3156 1218 3220 Ecclesiae

116 3298 127 3333 ¹
145 3298 274 3350 charlton
286 3298 310 3348 ia
322 3314 389 3364 very
399 3298 480 3349 much
492 3301 521 3349 at
533 3314 578 3348 sea
589 3297 671 3348 about
683 3301 795 3349 matters
813 3296 938 3348 involved
957 3296 984 3345 in
1001 3295 1057 3346 this
1068 3295 1142 3349 deod.
1179 3296 1219 3348 At

80 3399 107 3449 p.
120 3384 163 3444 97,
175 3381 354 3448 commenting
367 3397 400 3431 on
413 3398 430 3432 a
442 3381 548 3432 chartei
556 3380 593 3446 by
605 3380 679 3434 Will.
692 3380 727 3432 fil
742 3380 850 3431 Ricardi
862 3380 895 3431 ds
905 3380 987 3444 Percy
999 3379 1032 3430 de
1046 3379 1174 3445 Dunsley,
1189 3381 1217 3431 in

81 3464 169 3518 which
180 3465 236 3516 also
247 3464 304 3516 this
316 3464 391 3515 word
403 3464 513 3515 almodo
526 3480 623 3526 eccum,
637 3463 672 3514 he
682 3469 799 3530 says-‘⁴
808 3463 835 3514 It
847 3463 909 3514 does
922 3467 970 3514 not
979 3463 1039 3514 well
1051 3480 1149 3529 appear
1157 3463 1218 3515 who

80 3547 191 3601 orahat
202 3546 257 3598 thia
269 3546 382 3612 Almary
394 3562 449 3597 vvas
462 3566 469 3609 3
487 3563 537 3597 our
548 3546 653 3597 recordo
664 3546 783 3597 mention
796 3546 850 3596 him
861 3562 889 3596 ae
899 3562 916 3596 a
927 3563 1021 3612 person
1035 3547 1095 3598 who
1104 3546 1174 3597 lived
1189 3551 1218 3597 at

78 3633 193 3697 Whitby
209 3630 263 3682 and
280 3629 383 3681 residcd
401 3629 430 3681 in
449 3630 496 3682 the
508 3634 669 3695 monastery,
688 3629 739 3680 but
759 3630 788 3680 in
808 3629 882 3681 what
904 3630 1040 3681 character
1056 3647 1096 3681 vvo
1120 3636 1218 3683 cannot

79 3715 221 3786 positively
233 3731 290 3779 acy,
309 3718 359 3765 etc.
379 3712 447 3767 etc.”
484 3713 512 3765 It
532 3714 555 3764 is
573 3714 671 3764 almost
688 3729 863 3779 unneceasary
881 3717 911 3764 to
930 3730 978 3780 say
996 3714 1058 3765 that
1078 3715 1217 3765 clotarium

78 3801 103 3853 ia
120 3799 218 3867 simply
229 3797 277 3850 the
298 3795 379 3848 Latin
400 3796 470 3848 iorm
491 3797 518 3847 of
536 3797 584 3847 the
604 3797 648 3847 old
670 3796 781 3863 English
802 3797 876 3848 word
897 3797 1007 3848 almaric
1029 3798 1065 3860 (in
1087 3797 1123 3849 its
1143 3815 1216 3849 more

80 3885 190 3937 modern
214 3882 282 3933 form
307 3880 432 3945 Aumbry,
458 3885 500 3931 “a
522 3878 612 3931 loclscr
636 3879 665 3930 in
688 3879 736 3930 the
759 3880 840 3931 north
858 3881 967 3931 chancel
990 3880 1215 3932 vall”—Hoolr'a

79 3967 182 4020 charel
192 3965 364 4029 Didivam),
376 3962 467 4014 which
478 3963 502 4014 is
514 3962 620 4013 defined
632 3962 669 4028 by
682 3962 816 4014 Halliwell
829 3979 857 4014 aa
873 3970 891 3992 ‘⁴
901 3981 917 4013 a
925 3964 1066 4030 cupbosrd,
1078 3981 1094 4013 a
1105 3968 1211 4028 pantry,

76 4069 93 4104 a
105 4049 186 4113 saie,”
199 4048 253 4100 aud
264 4047 376 4100 claimed
387 4048 425 4113 by
436 4047 493 4097 him
506 4063 533 4097 as
547 4063 563 4097 a
578 4050 594 4075 ‘⁴
601 4046 808 4112 north-country
821 4046 895 4097 word
903 4046 917 4069 '’
930 4047 956 4096 in
971 4047 1006 4096 its
1018 4046 1085 4097 form
1098 4047 1212 4109 arrmhry.

76 4134 121 4186 Ha
141 4131 246 4185 further
263 4134 359 4198 quotes
378 4146 408 4181 aa
427 4146 462 4181 an
486 4128 758 4196 example-“There
780 4129 884 4180 evarice
907 4129 976 4180 hath
999 4128 1136 4188 Almam,
1160 4130 1213 4180 and

75 4214 392 4285 yrcn-bouudecoffrcs''
411 4214 496 4277 (Piera
514 4214 554 4264 tle
571 4214 715 4273 Plowmca,
743 4213 805 4264 I'eaet
824 4213 865 4276 B„
888 4212 1012 4276 Earlyll.
1039 4212 1100 4262 Text
1117 4214 1213 4282 Societp

75 4302 166 4363 unes,
175 4317 202 4368 p.
211 4298 301 4362 ml
314 4296 385 4364 246)
423 4297 533 4349 Bcaides
545 4296 690 4364 supposing
707 4296 754 4347 the
766 4297 868 4363 almary
880 4301 909 4347 to
920 4296 953 4346 bc
966 4295 1012 4345 the
1026 4298 1042 4323 ‘¹
1052 4296 1170 4361 ehantcr,
1184 4316 1214 4351 or

75 4399 172 4450 person
180 4381 242 4434 who
255 4381 383 4448 provided
394 4379 443 4433 the
464 4379 562 4431 monle
576 4381 644 4431 with
656 4380 722 4431 such
734 4379 818 4430 books
830 4396 859 4430 aa
870 4395 940 4429 were
957 4394 1095 4446 necessary
1108 4381 1149 4432 ior
1165 4383 1213 4435 the

78 4466 243 4520 ealebntion
262 4466 291 4517 ol
318 4465 409 4517 dirius
434 4464 541 4525 service,
561 4464 613 4515 and
637 4464 751 4530 perhaps
776 4462 818 4514 ior
842 4462 913 4512 their
932 4461 1032 4529 library
1053 4465 1132 4529 also,”
1159 4467 1210 4517 Mr.

638 4562 657 4607 B
