2916 4986
339 511 611 564 CARTULARIUM
629 511 835 564 ABBATHIAE
853 512 903 564 DE
919 512 1106 565 WHITEBY.
1254 502 1292 560 13

156 688 277 772 magnis
298 688 450 752 maneriis
473 689 540 753 suis
564 689 672 772 questi
692 688 824 753 fuerunt
846 689 934 773 quod
956 689 1175 753 commodum¹
1198 710 1294 754 suum

155 788 256 853 facere
271 809 337 852 non
351 794 530 871 potnerunt
544 787 585 852 dc
606 788 735 852 residuo
756 789 971 853 maneriorum
994 808 1134 866 suorum,
1148 789 1233 853 sicut
1256 789 1295 853 de

155 887 272 965 arastis,
293 887 408 965 boscis,
430 892 463 952 et
484 887 626 971 pasturis
649 887 689 951 de
711 886 813 952 sicut¹
835 887 899 971 ipsi
921 886 1061 952 ieoffati⁸
1083 887 1295 952 sufficientem

156 985 270 1051 habere
286 991 419 1070 possent
433 983 622 1070 pasturam,⁴
634 992 794 1070 quantum
809 987 952 1072 pertinet
966 987 1008 1052 ad
1022 993 1209 1052 tenementa
1218 1007 1294 1066 sua,

156 1085 202 1149 ita
213 1086 382 1170 provisum
397 1091 448 1150 est
470 1091 503 1149 et
526 1105 712 1150 concessum
727 1085 822 1169 quod,
839 1107 914 1150 cum
938 1085 1129 1170 hujusmodi
1154 1085 1296 1152 feoffati⁵

156 1205 176 1249 a
189 1183 455 1269 quibuscunquc⁶
468 1185 604 1249 assisam
617 1205 710 1248 novae
725 1184 904 1250 disseisinae
913 1185 1059 1250 deferant
1073 1185 1113 1250 de
1125 1205 1297 1251 communa

155 1290 294 1368 pasturae
308 1283 400 1368 [suae]
410 1283 439 1346 si
448 1303 553 1348 coram
559 1283 748 1367 justiciariis
760 1281 979 1368 cognoverint⁷
989 1284 1075 1368 quod
1084 1284 1297 1349 sufficientem

156 1389 320 1468 pasturam
345 1382 518 1447 habuerint
541 1388 700 1467 quantum
728 1384 870 1466 pertinet
894 1383 936 1447 ad
960 1389 1144 1448 tenemento
1170 1404 1237 1460 sua,
1263 1389 1296 1447 et

157 1483 273 1568 [quod]
282 1483 423 1547 habeant
431 1482 649 1566 ingressumet
660 1502 824 1566 egressum
835 1482 889 1566 [de
898 1483 1105 1566 tenementis]
1117 1484 1185 1547 suis
1193 1503 1297 1566 usque

158 1582 199 1646 ad
223 1589 391 1666 pasturam
416 1602 517 1658 suam,
531 1589 610 1646 tunc
635 1581 712 1645 inde
740 1582 806 1646 sint
828 1582 983 1658 contenti,
997 1587 1031 1645 et
1052 1582 1102 1644 illi
1124 1581 1296 1665 dequibus

160 1682 356 1766 [con]questi
385 1679 524 1744 iuerint⁸
546 1681 649 1764 quieti
675 1682 827 1746 recedant
853 1681 893 1745 de
916 1678 997 1744 hcc⁹
1019 1680 1106 1763 quod
1127 1680 1168 1745 de
1193 1680 1296 1756 terris,

160 1781 276 1858 vastia,
306 1780 421 1857 boscis,
450 1784 483 1843 et
511 1781 654 1864 pasturis
683 1777 918 1845 commodum¹⁰
944 1800 1041 1844 suum
1066 1778 1207 1843 iecerint.
1262 1778 1298 1843 Si

159 1885 268 1944 autem
283 1879 424 1942 dixerint
449 1878 536 1962 quod
559 1877 770 1943 sufficientem
792 1887 956 1963 pasturam
971 1899 1036 1942 non
1051 1877 1231 1954 habuerint,
1244 1876 1299 1941 vel

161 1977 373 2043 sufficientem
386 1978 566 2062 ingressum
582 1982 615 2041 et
630 1998 803 2061 egressum,
818 1983 977 2062 quantum
991 1978 1132 2062 pertinet
1146 1977 1186 2041 ad
1208 1983 1296 2042 tene-

160 2082 270 2141 menta
284 2096 344 2140 sua
358 2082 437 2140 tunc
456 2076 640 2159 inquiratur
661 2077 780 2140 veritas
806 2075 912 2141 inde¹¹
933 2097 992 2160 per
1013 2078 1155 2141 assisam.
1199 2076 1243 2139 Et
1268 2075 1297 2140 si

160 2197 217 2261 per
231 2176 364 2240 assisam
379 2176 578 2259 recognitum
600 2174 698 2239 fuerit
720 2175 807 2259 quod
828 2196 886 2260 per
907 2176 1036 2240 eosdem
1057 2176 1093 2240 in
1109 2175 1171 2261 (1¹)
1188 2175 1296 2259 aliquo

160 2277 258 2341 fuerit
279 2274 455 2358 impeditus
478 2294 588 2337 eorum
613 2295 757 2359 egressus
779 2274 832 2339 vel
855 2275 1026 2359 ingressus,
1048 2274 1102 2340 vel
1124 2274 1210 2359 quod
1232 2294 1297 2338 non

160 2375 301 2439 habeant
320 2372 531 2438 sufficientem
556 2380 724 2456 pasturam
753 2379 786 2437 ct
815 2373 1027 2438 sufficientem
1055 2375 1235 2459 ingressum
1264 2378 1297 2437 et

161 2493 323 2558 egressum
348 2472 432 2536 sicut
454 2471 643 2554 praedictum
669 2476 727 2549 est,
742 2477 821 2536 tunc
835 2479 1024 2556 recuperent
1038 2473 1189 2537 saisinam
1205 2493 1296 2538 suam

159 2592 218 2656 per
245 2573 353 2636 visum
379 2572 560 2655 juratorum
572 2595 581 2650 ;
612 2572 660 2635 ita
686 2571 774 2654 quod
802 2591 860 2655 per
886 2571 1110 2637 discretionem
1135 2579 1169 2637 et
1194 2592 1296 2637 sacra-

160 2679 308 2736 mentum
326 2670 538 2756 juratorum¹²
563 2670 705 2736 habeant
730 2678 961 2755 conquerentes
988 2672 1199 2738 sufficientem
1224 2693 1298 2757 pas-

160 2779 276 2848 turam,
298 2777 331 2836 et
352 2772 533 2855 ingressum
555 2776 589 2835 et
610 2791 773 2855 egressum
794 2771 1016 2850 sufficientem,
1038 2773 1073 2835 in
1095 2772 1197 2836 forma
1217 2792 1297 2856 prae-

161 2872 266 2951 dicta3
296 2879 329 2935 et
351 2871 582 2935 dissaisiatores
607 2871 701 2955 [sint]
724 2872 759 2935 in
781 2872 997 2936 misericordia
1020 2872 1110 2956 [D’ni
1131 2870 1242 2955 Regis]
1265 2876 1298 2933 et

161 2970 302 3054 dampna
310 2969 446 3034 reddant
458 2971 543 3035 sicut
552 2968 688 3034 solent¹⁸
697 2976 772 3034 ante
781 2971 997 3054 provisionem
1007 2971 1112 3034 istam.
1144 2970 1179 3033 Si
1189 2975 1297 3033 autem

160 3069 361 3153 recognitum
390 3069 487 3132 fuerit
517 3088 574 3152 per
603 3068 738 3133 assisam
768 3069 854 3153 quod
877 3066 1137 3152 conquerentes¹¹
1157 3065 1297 3130 habeant

161 3167 374 3232 sufficientem
402 3173 576 3252 pasturam,
600 3187 676 3230 cum
699 3166 801 3231 libero
828 3167 974 3252 ingressu
999 3170 1032 3229 et
1058 3184 1184 3248 egressu
1214 3164 1298 3228 sicut

160 3266 352 3352 praedictum
374 3273 432 3343 est,
453 3272 533 3329 tunc
555 3265 644 3330 licite
666 3265 787 3330 iaciant
810 3266 868 3330 alii
888 3263 1118 3348 com[m]odum
1140 3283 1236 3327 suum
1259 3263 1298 3327 dc

160 3365 300 3442 residuo,
314 3373 347 3429 et
361 3364 511 3430 recedant
526 3364 566 3429 de
588 3364 689 3428 assisa
711 3364 769 3428 illa
790 3364 902 3448 quieti,
918 3370 951 3427 ct
977 3369 1208 3447 conquerentes
1232 3362 1300 3426 sint

160 3466 198 3529 in
212 3462 465 3529 misericordiam

198 3575 208 3609 ¹
227 3577 387 3642 quartarium
553 3573 565 3608 t
586 3582 603 3605 ιι
613 3593 696 3643 quum
703 3575 718 3599 '¹
731 3576 757 3627 in
770 3575 819 3627 the
831 3575 898 3628 Stat.
1075 3572 1086 3608 ¹
1097 3576 1227 3641 sscptati.

197 3658 208 3692 ⁴
229 3663 247 3688 “
256 3659 372 3710 babeant
384 3658 558 3710 sufficientem
570 3659 728 3724 pssturam''
741 3659 768 3709 in
782 3659 850 3711 Stat.

197 3739 209 3773 ⁶
219 3741 349 3804 seoptati.
386 3741 443 3791 The
457 3740 582 3792 clansein
593 3742 641 3793 the
652 3743 720 3794 Stat
735 3741 758 3792 is
772 3742 946 3808 “quicunque
959 3739 1114 3806 hujusmodi
1126 3741 1251 3793 iecffsti.”

196 3822 209 3857 ¹
228 3824 349 3875 Omitted
361 3825 388 3874 in
401 3824 448 3874 the
460 3824 576 3875 Statuta.

197 3906 208 3942 ¹
228 3908 300 3959 Hera
312 3907 360 3959 the
373 3907 511 3957 versionis
522 3923 593 3957 mora
605 3906 661 3958 like
673 3907 735 3958 that
747 3907 775 3957 in
789 3906 911 3969 Brsctom
924 3904 970 3956 lib.
985 3905 1020 3958 iv.
1034 3922 1055 3956 c.
1071 3907 1104 3957 38
1115 3904 1160 3956 iol.
1175 3907 1238 3966 227,
1251 3905 1302 3956 but

159 3991 278 4057 varying
289 3990 358 4040 from
370 3989 393 4039 it
404 3989 432 4039 in
444 4005 526 4054 many
540 3989 627 4040 minor
638 3989 798 4055 particulare
810 3987 839 4039 oi
850 3987 1031 4054 phrasaology.
1071 3987 1103 4037 ln
1114 3985 1161 4037 tha
1173 3987 1242 4038 Stat.
1255 3987 1303 4037 tho

159 4089 359 4142 pungamus,
374 4077 390 4100 “
400 4077 428 4124 et
441 4088 529 4124 coram
548 4072 664 4137 justiciis
675 4072 840 4139 recognitum
857 4071 939 4122 inerit
957 4070 1029 4136 quod
1041 4074 1145 4120 tantam
1167 4073 1303 4135 pasturam

159 4158 283 4210 habeant
295 4160 426 4223 qnantum
439 4155 537 4206 sufficit
548 4155 584 4205 sd
595 4159 750 4206 tenementis
760 4153 833 4205 sua”

198 4240 210 4275 ⁸
221 4241 344 4304 fuerant.
541 4234 552 4270 ¹
573 4239 630 4289 “da
643 4255 674 4289 ec
683 4238 698 4262 '’
711 4238 738 4287 in
751 4237 818 4289 Stat
1029 4231 1052 4267 ¹⁰
1069 4235 1231 4301 quoiusdam.

197 4323 220 4358 ¹¹
240 4321 364 4374 Omitted
375 4321 405 4371 in
417 4320 486 4373 Stat.

196 4405 221 4442 ¹¹
242 4410 259 4435 “
270 4420 364 4456 sorum
372 4402 386 4427 ”
400 4404 428 4454 in
440 4402 508 4455 Stat
836 4399 858 4434 ¹¹
877 4400 975 4452 “reddi
989 4401 1088 4453 debent
1097 4399 1113 4425 '¹
1125 4401 1151 4453 in
1165 4402 1232 4454 Stat

196 4488 219 4524 ¹⁴
241 4493 258 4518 “
268 4491 413 4555 querentes
422 4486 437 4512 '¹
450 4487 479 4537 iu
494 4485 562 4538 Stat.

198 4572 222 4609 ¹¹
240 4573 299 4623 'l’ba
311 4571 366 4622 last
376 4570 464 4621 clausa
476 4569 500 4620 is
512 4573 560 4620 not
573 4568 691 4620 inserted
704 4567 731 4618 in
744 4568 792 4621 the
804 4568 872 4619 Stat
