2916 4986
343 522 619 576 GARTULARIUM
638 521 841 572 ABBATHIAE
858 521 911 572 DE
928 520 1113 573 WHI'I'EBY.
1232 511 1291 570 279

156 707 268 751 eorum
295 687 412 771 aliqua,
434 686 674 770 quomodolibet
695 685 853 769 prodesse,
875 690 908 750 et
931 685 1116 749 memoratis
1137 684 1241 748 Priori
1262 689 1295 747 et

157 786 303 851 (lonvde
312 786 576 870 Coningesheved
585 785 694 868 aliquo
703 805 780 848 casu
789 785 825 847 in
834 785 980 848 futurum
989 785 1099 849 obesse
1107 784 1162 849 vel
1170 804 1296 848 nocere:

155 886 438 971 hujus[modi]que
459 887 608 963 actiones,
631 885 813 969 petitiones,
833 885 1080 968 prosecutiones,
1095 883 1240 968 querelas
1263 889 1296 947 et

156 985 282 1062 clamis,
293 986 377 1068 juris
392 984 532 1049 remedia
546 1003 756 1068 quaecunque,
771 983 866 1047 dictis
882 983 984 1047 Priori
999 988 1033 1048 et
1048 983 1147 1047 Conv.
1160 982 1200 1046 de
1212 981 1295 1045 Con-

156 1083 352 1166 iugeshaved
360 1084 505 1148 totaliter
514 1082 715 1147 remittentes
725 1106 733 1162 ;
745 1082 895 1165 quodque
903 1081 1030 1166 praefati
1041 1083 1140 1145 Prior.
1150 1086 1183 1146 et
1195 1081 1295 1145 Conv.

157 1181 199 1245 de
209 1182 480 1266 Coningesbeved‚
489 1202 547 1265 pro
557 1201 590 1245 sa
601 1188 635 1245 et
643 1201 777 1245 success.
788 1181 855 1244 suis
864 1181 1111 1264 imperpetuum,
1120 1178 1296 1244 etecclesia

158 1301 217 1344 sua
232 1281 272 1345 de
288 1282 430 1346 Overton
445 1281 524 1345 alias
540 1280 675 1364 Overige
689 1280 851 1364 praedicta,
866 1280 1054 1343 renuntient
1069 1299 1156 1363 pure,
1173 1283 1296 1363 sponte,

160 1378 357 1464 simpliciter,
378 1380 532 1457 absolute,
555 1379 704 1443 omnibus
729 1378 919 1454 actionibus,
944 1376 1048 1463 (107l’)
1075 1376 1297 1461 petitionibus,

159 1477 234 1560 [cta
243 1501 278 1543 aa
288 1482 325 1544 in
333 1481 392 1544 No.
405 1485 476 1555 315,
480 1501 513 1561 p.
526 1479 602 1562 266]
615 1499 672 1542 seu
683 1478 781 1542 etiam
792 1497 898 1541 coram
909 1477 980 1561 ipso
992 1477 1133 1540 Domino
1144 1476 1239 1558 Rege,
1249 1474 1296 1538 eis

160 1577 455 1662 quali[ter]cunque
471 1577 735 1660 competentibus,
752 1577 871 1640 directe
885 1575 939 1639 val
953 1575 1116 1650 indirecte,
1131 1572 1296 1638 occasione

160 1677 405 1759 premissorum,
416 1697 472 1741 seu
486 1676 622 1758 alicujus
636 1675 676 1740 de
690 1675 821 1753 eisdem,
832 1680 943 1739 contra
951 1674 1120 1759 praedictos
1134 1672 1296 1736 Abbatem

160 1781 194 1839 et
210 1777 309 1841 Conv.
320 1777 360 1841 de
370 1777 536 1859 Whiteby,
550 1780 583 1840 et
598 1795 806 1859 quoscunque
821 1775 901 1839 alios
913 1775 952 1839 de
968 1775 1086 1858 quibus
1098 1771 1244 1855 superius
1258 1769 1297 1832 fit

160 1875 282 1939 mentio
306 1896 434 1959 quoquo
464 1874 579 1939 modo.l
638 1875 680 1937 In
709 1875 802 1957 cujus
831 1874 879 1938 rei
907 1879 980 1937 test.
1002 1874 1079 1950 Nos,
1103 1869 1297 1943 Willelmus,

161 1972 320 2038 Robertus
349 1981 382 2039 et
411 1974 576 2040 Johannes
605 1973 759 2056 praedicti,
781 1974 911 2057 utrique
939 1973 1025 2057 parti
1052 1971 1150 2054 hujus
1180 1973 1298 2033 nostrae

161 2071 371 2137 ordinationis
400 2074 575 2138 indentatae
608 2073 714 2156 sigilla
743 2077 852 2137 nostra
884 2072 1103 2155 apposuimus,
1132 2089 1169 2133 ac
1198 2067 1297 2132 etiam

160 2170 307 2252 praedicti
320 2172 430 2236 Abbas
445 2178 478 2237 et
493 2173 591 2237 Conv.
608 2172 647 2236 de
662 2172 800 2254 Whitby
814 2172 899 2255 parti
920 2171 1071 2254 predictae
1087 2166 1298 2233 ordinationis

158 2288 259 2352 penes
274 2270 401 2334 eosdem
420 2271 562 2335 Priorem
585 2278 618 2335 et
640 2271 739 2335 Conv.
756 2270 796 2334 de
811 2269 1040 2353 Coningheved
1061 2265 1251 2343 remanenti,
1266 2270 1299 2329 et

156 2368 261 2432 iidem
282 2369 372 2434 Prior
393 2377 427 2434 et
449 2370 547 2434 Conv.
570 2370 664 2434 alteri
688 2370 773 2452 parti
799 2369 940 2453 praefatae
966 2367 1178 2432 ordinationis
1200 2385 1298 2450 penes

157 2467 289 2532 eosdem
303 2468 462 2532 Abbatem
478 2475 510 2533 et
526 2469 625 2533 Gonu.
642 2469 804 2546 residenti,
819 2468 854 2531 in
874 2468 1095 2532 testimonium
1117 2464 1300 2550 approbati-

157 2566 241 2642 onis,
257 2567 486 2644 1atificati0nis,
500 2575 533 2630 et
546 2566 812 2651 homologationis
838 2567 940 2650 ipsius
956 2565 1167 2631 ordinationis
1182 2566 1299 2648 imper-

155 2673 297 2749 petuum
319 2666 505 2741 valiturum,
527 2666 632 2750 sigilla
658 2687 716 2730 sua
742 2687 900 2731 consensu
926 2685 1074 2749 expresso
1097 2669 1130 2728 et
1151 2663 1300 2727 unanimi

155 2771 387 2847 apposuerunt.
425 2764 550 2827 Datum
564 2765 600 2826 in
614 2765 765 2849 Capitulo
780 2786 811 2830 n.
827 2763 979 2828 Ecclesiae
993 2764 1030 2827 B.
1047 2763 1142 2838 Petri,
1157 2760 1301 2836 Eboraci,

155 2868 278 2945 quarto
293 2863 345 2926 die
360 2862 481 2926 mensis
496 2862 644 2945 Augusti,
657 2864 696 2929 A.
714 2865 745 2928 G
759 2863 931 2928 millesimo
947 2883 1008 2926 ccc.
1025 2861 1157 2926 decimo.

158 2962 249 3024 Cum
265 2966 403 3040 quatuor
416 2958 542 3041 sigillis.

615 3157 849 3225 CCCXXIXA.

209 3278 252 3340 In
266 3277 395 3341 nomine
409 3277 552 3355 Domini,
563 3279 678 3355 Amen,
688 3293 721 3345 et
736 3288 857 3359 caetera,
873 3282 957 3346 sicut
972 3281 1156 3346 continetur
1169 3280 1205 3344 in
1220 3279 1302 3344 libro

157 3378 193 3461 p’
211 3379 316 3451 antea,
330 3380 363 3438 et
384 3376 497 3440 eadem
523 3378 683 3441 sententia
709 3401 781 3462 quae
808 3380 917 3443 estin
942 3380 1024 3444 libro
1048 3379 1105 3462 qui
1130 3378 1303 3464 praecessit,

158 3476 265 3541 etiam
281 3480 417 3556 quatuor
431 3473 555 3557 sigillis.

398 3671 590 3737 CCCXXX.
613 3673 698 3736 Ama
714 3691 821 3740 canan
836 3692 880 3738 nn
896 3676 1074 3741 Onossnsr.

211 3795 302 3876 (108)
320 3794 402 3858 Acta
416 3796 452 3857 in
471 3795 616 3860 Ecclesia
631 3795 817 3864 Catbedrali
840 3799 1044 3864 Karleolensi
1066 3800 1102 3862 in
1117 3803 1257 3864 crastino
1273 3800 1302 3861 S.

157 3893 342 3967 Trinitatis,
362 3894 398 3956 A.
422 3895 461 3956 D.
485 3895 656 3959 millesimo
678 3917 714 3960 cc
738 3899 936 3984 sexagesimo
958 3899 1062 3973 tertis,
1083 3919 1189 3962 coram
1211 3899 1304 3961 nobis

160 3992 324 4074 Magistro
340 3991 544 4076 M[ichaele]²
558 3996 598 4058 de
615 3995 808 4080 Hampsted,
823 3996 1059 4062 Arcbidiacono
1077 3996 1149 4071 loci,
1161 3996 1270 4079 judice
1286 4017 1305 4058 a

162 4092 250 4157 Sede
273 4091 458 4171 Apostolica
479 4093 633 4177 deputato
654 4093 690 4157 in
714 4117 810 4164 eausa
832 4119 904 4181 quae
926 4096 1064 4159 vertitur
1085 4116 1190 4159 coram
1213 4093 1305 4157 nobis

204 4216 212 4247 ¹
234 4214 260 4264 It
273 4213 327 4262 will
340 4214 372 4263 be
385 4215 510 4267 observed
523 4219 623 4270 thatin
636 4218 686 4270 No.
702 4224 754 4276 315
766 4227 814 4277 the
826 4224 893 4275 daed
906 4237 968 4288 goes
981 4237 1014 4271 on
1029 4219 1134 4285 beyond
1146 4219 1200 4269 this
1212 4217 1305 4284 point:

166 4333 178 4339 -
190 4305 221 4336 ·‘·
231 4298 270 4346 Ac
284 4297 364 4345 etiam
377 4301 435 4346 rato
448 4299 533 4362 priore
545 4301 648 4367 pactos
662 4308 710 4357 ete.

204 4379 215 4411 ’ἒ
233 4379 289 4428 'l'bo
303 4379 434 4429 Christian
452 4398 527 4434 name
546 4385 569 4436 is
587 4385 708 4451 supplied
728 4393 795 4444 lrom
814 4393 862 4443 No.
879 4388 938 4450 307,
954 4387 1076 4447 uberem,
1090 4386 1220 4448 hOWeVer.
1232 4384 1266 4434 he
1285 4385 1307 4434 1⁸

169 4469 216 4512 not
229 4461 382 4525 ‹lesignated
395 4462 571 4518 Archdeacon.
