2916 4986
288 502 559 556 csRTULARIUM
576 502 779 554 ABBATHIAE
797 503 847 554 DE
863 505 1050 559 WHITEBY.
1171 498 1229 557 281

96 665 269 748 propositis
293 666 486 751 quibusdam
511 666 637 731 frivolis
662 668 906 751 exceptionibus
932 676 965 734 et
990 672 1132 749 cassatis,
1154 672 1235 737 dicti

96 765 206 828 Abbas
221 771 255 829 et
270 765 369 830 Gonu.
384 765 426 829 ad
441 765 557 830 Sedem
571 766 793 848 Apostolicam
808 767 923 832 frivole
937 770 1150 853 appellarunt,
1159 792 1234 835 cum

96 882 161 926 non
176 863 292 928 fuisset
306 864 347 927 ad
369 885 440 928 eam
462 864 519 929 sed
539 865 580 928 ad
594 865 868 929 Archidiaconum
890 874 1102 932 memoratum
1123 871 1235 954 appel·

95 960 239 1039 landum,
254 967 413 1046 praetextu
428 963 521 1044 cujus
536 963 773 1046 appellationis,
787 965 952 1030 occasione
974 966 1043 1030 litis
1057 968 1234 1047 retardatae,

96 1060 183 1142 (109)
204 1068 399 1124 memoratus
417 1060 604 1125 Willelmus
626 1060 768 1145 dampna
787 1063 896 1146 gravia
918 1072 951 1129 et
973 1085 1138 1149 expensas,
1153 1087 1233 1150 quas

96 1158 235 1223 aestimat
258 1158 300 1222 ad
321 1159 536 1242 quadraginta
559 1178 749 1235 mercasse
773 1161 888 1224 asserit
912 1162 1106 1228 incurrisse:
1134 1186 1233 1248 quare

94 1256 178 1338 petit
206 1256 293 1321 idem
322 1257 508 1321 Willelmus
544 1257 713 1341 praedictos
742 1258 903 1322 Abbatem
932 1266 965 1324 et
995 1261 1093 1326 Oonv.
1124 1265 1164 1327 ad
1198 1264 1234 1328 xl

93 1374 215 1419 marcas
230 1376 386 1439 expensas
398 1356 528 1419 nomine
543 1356 605 1420 sibi
621 1357 857 1440 condempnari,
868 1364 902 1422 et
916 1358 958 1421 ad
972 1360 1233 1426 satisfaciendum

95 1452 200 1517 eidem
228 1454 394 1519 Willelmo
424 1455 464 1519 de
493 1454 530 1517 xl
559 1456 674 1520 marcis
702 1456 786 1540 petit
814 1457 984 1539 praedictos
1010 1459 1171 1524 Abbatem
1201 1468 1235 1525 et

96 1552 309 1632 Conventum,
331 1574 368 1618 ac
394 1559 631 1638 procuratorem
658 1575 767 1618 eorum
789 1556 962 1621 eorundem
986 1559 1126 1637 nomine,
1146 1580 1233 1623 com·

95 1651 180 1734 pelli
226 1654 306 1719 Haec
321 1653 402 1717 dicit
416 1653 506 1717 salvo
521 1654 583 1718 sibi
594 1654 678 1736 juris
693 1655 848 1720 beneficio
864 1656 899 1719 in
914 1657 1070 1721 omnibus.

306 1854 537 1920 cccxxxss.
560 1855 827 1919 1111111111
843 1856 1021 1922 01111111.

140 1993 233 2056 Omn.
250 1993 280 2058 S.
290 1993 336 2057 M.
351 1994 436 2060 Eccl.
453 1994 529 2058 filiis
544 1993 586 2057 ad
600 2014 681 2077 quos
696 2013 742 2077 pr.
754 1993 871 2058 litterae
885 1994 1098 2076 pervenerint,
1114 1995 1231 2078 Magis·

95 2099 145 2155 ter
166 2093 346 2177 Hospitalis
368 2093 522 2177 Riponiae,
537 2098 571 2157 et
591 2093 743 2157 Decanus
762 2091 1017 2157 Christianitatis
1032 2093 1123 2177 [loci]
1146 2095 1232 2177 ejus·

95 2191 178 2269 dem,
192 2199 337 2276 gerentes
351 2193 438 2257 vices
458 2193 578 2257 Prioris
593 2192 633 2257 de
656 2191 858 2270 Κ1111111111,1
874 2196 907 2256 11
928 2192 1006 2255 D'ni
1028 2192 1177 2276 Hugonis
1191 2193 1232 2258 (11

95 2291 285 2370 Roderham,
315 2293 469 2358 Canonici
505 2292 662 2375 Riponiae,
690 2292 839 2375 judicum
873 2312 892 2355 a
930 2291 1011 2355 Sede
1045 2292 1232 2375 apostolica

94 2391 327 2474 deputatorum,
343 2393 428 2456 D'no
451 2391 611 2469 Roberto,²
632 2391 868 2455 Archidiacono
890 2391 1113 2470 Dunelmensi,
1135 2393 1232 2457 tertio

94 2510 202 2554 eorum
217 2491 393 2573 conjudice,
408 2491 451 2554 ad
467 2496 569 2554 totam
591 2511 720 2554 causam
743 2489 887 2574 legitime
908 2497 1070 2565 excusato,
1085 2490 1120 2552 in
1135 2511 1232 2555 causa

94 2591 319 2674 appellationis
330 2591 507 2674 interjecta
521 2610 579 2675 per
588 2590 750 2654 Abbatem
762 2595 795 2652 et
808 2588 1013 2654 conventum
1024 2589 1064 2652 de
1075 2589 1231 2672 Whiteby

94 2689 134 2752 ab
156 2690 416 2773 augmentatione
441 2689 527 2753 facta
551 2688 677 2752 vicariae
704 2686 845 2751 ecclesiae
871 2706 982 2750 eorum
1005 2686 1044 2750 de
1072 2685 1232 2770 Crosseby

94 2788 353 2863 Ravneswarthe,
368 2786 504 2851 Karliol.
520 2787 690 2863 dioceseos,
705 2786 745 2850 de
760 2785 835 2849 lana
850 2789 881 2848 et
897 2784 997 2867 agnis,
1011 2805 1069 2866 per
1090 2783 1231 2847 officium

93 2886 295 2950 Venerabilis
316 2886 428 2969 patris,
442 2884 519 2948 D'ni
541 2883 725 2968 R[oberti],²
741 2882 874 2946 Karliol.
891 2881 1052 2965 Episcopi,
1067 2887 1101 2945 et
1115 2880 1231 2944 Archi-

94 2984 221 3047 diaconi
247 2983 390 3060 Karliol,
410 2981 528 3066 quibus
553 2983 640 3047 idem
662 2983 851 3066 Episcopus,
868 2981 970 3064 judex
993 3001 1013 3044 a
1034 2980 1119 3042 D'no
1144 2980 1232 3062 Papa

94 3082 267 3166 delegatus,
282 3079 502 3146 commiserat⁸
519 3102 616 3166 super
635 3082 698 3145 hoc
720 3081 865 3144 totaliter
886 3081 972 3143 vices
995 3098 1079 3155 suas,
1093 3078 1232 3141 salutem

94 3182 129 3243 in
143 3181 284 3245 Domino
299 3182 534 3265 sempiternam.
580 3182 663 3245 Cum
685 3200 743 3264 pro
763 3179 979 3263 appellatione
994 3178 1111 3260 atejus
1126 3197 1231 3254 causa,

89 3279 219 3361 justitia
230 3280 401 3356 mediante,
410 3280 726 3364 pronuntiaverimus
737 3277 1033 3362 augmentationem
1045 3275 1232 3361 praedictam

94 3378 134 3441 de
149 3377 224 3441 lana
239 3384 272 3442 11
287 3379 376 3462 agnis
391 3378 578 3455 revocando,
593 3385 626 3443 et
641 3377 768 3442 eosdem
786 3377 877 3440 lanas
892 3380 926 3439 et
940 3395 1038 3459 agnos
1054 3374 1176 3438 Abbati
1198 3379 1232 3438 et

94 3476 193 3541 Oonv.
223 3476 454 3559 adjudicantes,
482 3497 521 3540 ac
552 3483 708 3561 perpetuo
737 3495 834 3551 nexu,
864 3474 949 3538 11111
985 3474 1076 3557 prius
1105 3493 1233 3556 semper

93 3576 229 3653 fuerant,
258 3576 399 3641 rectoriae
428 3575 570 3641 ecclesiae
603 3580 787 3639 memoratae
817 3574 967 3638 unientes
979 3574 1134 3653 3—Vobis
1163 3594 1231 3637 om·

91 3676 188 3739 nibus
210 3680 244 3740 et
266 3675 410 3760 singulis,
430 3675 465 3738 in
487 3675 610 3739 virtrde
636 3673 826 3737 obedientiae
849 3693 914 3756 qua
940 3673 1016 3736 Sedi
1039 3672 1232 3756 Apostolicae

91 3775 248 3837 tenemini
285 3775 418 3839 firmiter
453 3773 662 3858 injungenda,
691 3772 883 3836 mandamus
920 3772 1073 3854 quatinus
1111 3771 1232 3834 dictam

92 3874 286 3937 sententiam
308 3881 459 3951 nostram,
482 3880 539 3937 aut
561 3872 664 3957 ipsius
687 3872 846 3947 effectum,
864 3870 1057 3954 perturbare,
1077 3869 1231 3951 impedire

92 3977 149 4034 aut
179 3973 337 4036 contraire
363 3991 566 4056 quocumque
591 3970 687 4035 modo
713 3990 779 4033 non
807 3967 1019 4053 presumatis,
1045 3966 1106 4029 sub
1135 3986 1231 4049 poena

128 4122 136 4154 ¹
156 4123 237 4190 Hugh
250 4139 342 4173 occurs
354 4123 382 4172 in
397 4122 631 4184 latu-(Buram
646 4137 671 4186 p.
686 4121 758 4181 377.)

127 4204 137 4236 ²
156 4206 258 4256 Robert
267 4206 300 4254 de
313 4206 350 4255 St.
362 4205 468 4270 Agatha
475 4220 529 4254 was
539 4204 663 4254 collector
672 4203 699 4253 11
711 4203 758 4252 tha
771 4201 850 4251 tenth
860 4200 887 4250 in
900 4199 947 4250 the
957 4198 1059 4249 (1111111
1069 4196 1097 4247 oi
1109 4197 1230 4247 Durham

91 4291 117 4338 iu
135 4288 210 4351 1207,
223 4289 275 4338 and
288 4305 343 4337 waa
356 4287 529 4338 Arehdeacon
542 4287 570 4336 in
585 4285 746 4348 1271-(11
760 4285 852 4346 Neve.)

126 4371 137 4404 ³
155 4376 305 4431 1111111111,
323 4370 409 4420 which
428 4370 450 4419 11
469 4368 606 4434 obviously
619 4385 766 4419 erroneous.
803 4367 859 4417 The
878 4370 942 4416 next
955 4364 1029 4424 dead,
1045 4363 1133 4414 which
1145 4380 1188 4413 see
1201 4380 1230 4413 aa

91 4455 234 4505 connected
248 4455 312 4505 with
325 4453 387 4514 thia,
403 4452 478 4503 reads
491 4455 655 4503 commiserat.
