2916 4986
342 497 615 550 canrunaltwm
633 498 836 551 ABBA'I'HIAE
853 501 903 552 DE
920 500 1107 554 WHITEBY.
1260 493 1299 550 29

161 681 264 746 praes,
278 661 337 726 has
350 662 399 727 lit.
415 662 604 727 videntibus
619 662 673 726 vel
695 662 910 742 audientibus,
933 666 1019 748 quod
1041 687 1099 751 ego
1115 666 1301 731 Willelmus

161 761 202 825 de
223 761 316 825 Perci
339 761 423 838 dedi,
438 781 465 826 o.
487 767 521 825 et
543 761 625 826 conf.
647 763 719 826 Deo
741 767 775 826 61
797 763 882 826 Eocl
907 763 938 828 S.
961 764 996 828 P.
1012 772 1045 829 61
1067 765 1098 830 S.
1119 764 1240 849 Hyldae
1262 766 1302 830 de

160 858 308 943 Whitby,
323 867 357 923 et
370 859 536 924 monachis
559 860 636 924 ibid
652 860 723 924 Deo
738 880 828 938 serv,
842 861 878 924 in
900 862 992 928 elem.
1014 884 1128 947 puram
1151 872 1184 929 61
1204 886 1302 950 perp,

160 979 219 1042 pro
233 958 319 1021 D'no
333 979 414 1035 meo,
429 957 571 1023 Henrieo
587 960 676 1043 Rege
691 959 836 1044 Angliae,¹
855 967 888 1025 et
909 982 967 1045 pro
989 961 1064 1027 haer.
1087 963 1165 1040 suis,
1187 969 1222 1027 et
1242 984 1301 1047 pro

159 1058 330 1122 animabus
345 1056 504 1122 Willelmi
519 1059 559 1122 de
574 1058 676 1135 Perci,
691 1059 745 1122 avi
760 1059 834 1137 mei,
849 1065 882 1123 et
896 1060 997 1124 Alani
1019 1061 1059 1126 de
1082 1062 1184 1138 Penei,
1198 1062 1300 1146 patris

159 1156 237 1238 mei,
252 1163 286 1220 et
306 1157 431 1220 Emmae
454 1157 494 1220 de
516 1158 614 1234 Gant,
628 1157 741 1222 matris
761 1178 851 1235 meae,
866 1165 899 1222 et
920 1159 1108 1225 animabus²
1129 1167 1300 1245 parentum

157 1276 314 1332 meorum,
329 1261 361 1319 61
375 1276 433 1339 pro
447 1277 500 1320 me
515 1257 596 1340 ipso,
610 1263 643 1321 et
665 1277 722 1340 pro
744 1256 848 1334 Alina,
863 1279 962 1323 uxore
984 1280 1064 1338 mea,
1087 1268 1121 1324 et
1145 1281 1203 1344 pro
1225 1262 1300 1325 haer.

157 1356 280 1420 nostris
292 1355 438 1435 ;-videl.
454 1355 601 1439 Whitby,
616 1356 674 1420 uhi
695 1356 792 1440 praed.
814 1357 900 1422 Fccl.
916 1365 974 1435 cst,
990 1365 1023 1423 et
1044 1359 1120 1424 eccl.
1139 1361 1169 1424 S.
1186 1360 1300 1424 Mariae

159 1455 305 1536 ejusdem
316 1455 413 1531 villae,
429 1460 462 1520 et
487 1455 623 1518 Portum
639 1456 746 1532 maris,
760 1476 835 1520 cum
861 1458 1012 1522 omnihus
1036 1458 1243 1523 libertatibus
1266 1467 1301 1524 et

159 1554 366 1638 pertinentiis
389 1554 466 1630 suis,
488 1559 521 1618 et
543 1554 689 1631 Nidrebi,
719 1555 848 1632 Overbi,
874 1555 1115 1641 Hauchesgard,
1140 1558 1300 1621 Norman·

159 1653 245 1730 nebi,
269 1653 456 1738 Fiehngam,
478 1652 576 1716 aliam
600 1653 789 1738 Fielingam,
811 1655 942 1737 Staupe,
969 1655 1122 1731 Snetune‚
1145 1655 1301 1738 Uglehar·

159 1752 246 1828 debi,
271 1753 413 1828 Sourebi,
428 1751 596 1829 Newham,
618 1752 793 1829 Duneslac,
808 1752 985 1830 Stachesbi,
1008 1753 1134 1831 Brecca,
1158 1754 1301 1832 Baldebi,

159 1851 298 1927 Floram,
313 1858 347 1915 et
368 1849 621 1928 Hachanessam,
636 1857 670 1915 et
691 1848 768 1915 eccl.
792 1849 823 1914 S.
847 1850 962 1915 Mariae
985 1852 1131 1935 ejusdem
1154 1852 1251 1929 villae,
1267 1861 1300 1918 et

160 1949 236 2015 eccl.
262 1949 292 2014 S.
318 1950 417 2026 Patri,
439 1970 515 2013 curn
538 1949 744 2033 pertinentiis
770 1950 848 2026 suis,
877 1957 915 2014 ut
941 1951 987 2014 ibi
1017 1951 1120 2035 aliqui
1149 1954 1298 2017 monachi

159 2049 331 2114 antedictae
350 2049 503 2114 Ecclesiae
529 2050 568 2113 de
594 2049 723 2112 Whitbi
745 2049 867 2133 jugiter
889 2057 1050 2128 maneant,
1065 2057 1097 2114 et
1120 2051 1191 2116 Deo
1212 2057 1246 2116 et
1268 2053 1298 2117 S.

160 2149 272 2214 Hildae
300 2150 450 2226 serviant,
480 2155 514 2214 ct
543 2154 636 2213 orent
671 2169 729 2233 pru
759 2150 928 2214 animabus
958 2151 1222 2234 praenominatis;
1265 2161 1299 2217 et

158 2249 339 2326 Northfled,
355 2249 485 2326 Suffled,
500 2248 658 2326 Everleia,
673 2248 882 2313 Brochesseia
905 2255 938 2313 et
959 2250 1151 2328 Tomesleis,
1166 2256 1199 2314 et
1222 2251 1296 2316 eccl.

159 2347 200 2413 (16
217 2349 347 2413 Samara
361 2368 435 2412 curn
449 2347 655 2432 pertinentiis
671 2349 748 2424 suis,
764 2354 797 2413 et
819 2348 900 2412 duas
922 2355 1029 2432 partes
1052 2349 1183 2414 decimae
1207 2350 1297 2415 bladi

158 2448 200 2512 de
222 2449 299 2512 totis
315 2447 466 2511 dominiis
489 2447 579 2524 meis,
595 2447 811 2531 undecunque
834 2448 922 2512 culta
943 2453 977 2513 et
999 2449 1156 2513 seminata
1178 2450 1299 2514 fuerint

157 2552 303 2631 ternpore
314 2568 385 2611 meo
400 2547 454 2611 vel
469 2546 543 2611 haer.
555 2568 701 2611 meorum
712 2547 832 2627 ;-scil.
846 2546 886 2611 de
903 2548 1048 2632 Uplium‚
1058 2548 1245 2626 deWiltun,
1258 2549 1297 2613 de

159 2646 299 2719 Samara,
322 2647 361 2710 de
382 2646 586 2723 Natlertuna,
602 2645 642 2710 de
663 2646 896 2710 Stachestuna:
918 2647 954 2710 in
971 2647 1116 2711 Lindisia
1137 2647 1295 2724 similiter,

158 2744 200 2809 de
215 2744 470 2829 Emmingeham,
485 2745 524 2808 de
540 2744 771 2821 Sumerledebi,
787 2744 828 2808 de
843 2745 1013 2822 Stentune,
1025 2745 1065 2810 de
1081 2746 1296 2830 (laprimonte,

159 2845 201 2910 de
224 2844 394 2921 Ludeford,
419 2845 458 2909 de
485 2844 692 2920 Elchintune,
715 2844 755 2909 de
780 2844 940 2929 Caletorp,
963 2845 1002 2909 de
1031 2845 1227 2922 Covenham,
1257 2845 1296 2909 de

157 2945 323 3023 Antnebi3
356 2950 389 3008 ot
418 2943 624 3008 medietatem
654 2944 799 3027 piscariae
829 2943 868 3008 de
905 2944 1034 3027 Ergum,
1065 2949 1097 3007 61
1127 2945 1218 3006 t'ram
1256 2942 1296 3006 de

156 3045 301 3108 Eboraco
317 3064 413 3127 quarn
428 3043 544 3107 Emma
559 3043 598 3106 de
614 3044 701 3119 Port,
712 3049 814 3106 mater
824 3042 925 3106 Alani
940 3043 980 3106 de
995 3042 1095 3118 Peroi,
1107 3042 1208 3124 patris
1223 3044 1296 3122 mei,

157 3142 254 3227 praed.
267 3142 419 3205 Ecclesiae
435 3141 544 3219 dedit3
566 3146 599 3204 et
614 3140 693 3204 duas
709 3148 888 3205 carrucatas
901 3142 977 3216 t'rae,
989 3161 1061 3204 cum
1078 3146 1157 3223 pert.
1170 3139 1246 3216 suis,
1261 3141 1296 3203 in

157 3242 328 3317 Newtune,
343 3261 423 3324 quas
438 3240 600 3304 Walterus
617 3239 656 3303 de
679 3240 779 3316 Porci,
796 3240 893 3304 irater
908 3260 1009 3316 meus,
1024 3238 1129 3303 eidem
1144 3237 1296 3304 Ecclesiae

157 3340 257 3404 dedit.
313 3338 459 3404 Concedo
490 3344 523 3402 61
551 3339 703 3403 confirmo
738 3340 835 3403 etiarn
859 3340 939 3403 duas
961 3339 1094 3403 bovatas
1116 3339 1192 3417 t'rae,
1222 3360 1296 3404 cum

156 3446 236 3524 pert.
253 3441 329 3518 suis,
338 3441 373 3504 in
389 3438 534 3522 Uplium‚
550 3458 590 3501 ex
606 3436 690 3501 dono
712 3438 845 3502 Roherti
867 3438 906 3502 de
920 3438 1102 3522 Argentum
1124 3439 1296 3503 antedictae

156 3539 318 3605 Ecclesia.
363 3538 511 3604 Concedo
538 3544 571 3601 et
600 3537 754 3601 confirmo
778 3544 810 3602 et
839 3537 983 3615 forestas,
1013 3543 1046 3602 et
1074 3545 1233 3621 pasturas,
1262 3547 1296 3604 et
1345 3548 1347 3554 '

154 3704 224 3755 lines
236 3702 339 3754 carried
350 3718 414 3754 over
425 3705 455 3752 1ο
467 3701 515 3752 the
527 3701 585 3752 ioot
594 3700 622 3750 oi
634 3699 652 3754 f.
662 3702 750 3752 8-cn
762 3699 849 3751 which
863 3699 936 3751 what
948 3716 1009 3765 may
1018 3700 1052 3751 ba
1064 3701 1191 3768 regarded
1206 3719 1235 3754 66
1248 3702 1295 3752 the

156 3787 380 3855 Registerproper
391 3784 575 3852 begins-and
586 3784 695 3835 written
713 3801 746 3833 on
765 3782 812 3834 the
830 3782 914 3833 blank
931 3788 992 3850 part
1008 3783 1059 3835 1611
1076 3785 1161 3836 below
1178 3786 1225 3836 tha
1243 3785 1296 3834 last

155 3872 210 3923 line
230 3870 258 3920 oi
274 3870 322 3921 the
340 3868 452 3936 original
470 3868 593 3933 entry,is
612 3867 640 3917 in
658 3883 674 3917 a
690 3866 762 3917 hand
775 3866 862 3918 which
881 3884 972 3919 occurs
990 3868 1113 3919 nowhere
1131 3868 1183 3919 else
1201 3868 1230 3917 in
1248 3868 1295 3918 tha

157 3953 270 4015 volume,
283 3952 335 4003 and
346 3952 370 4002 16
382 3951 457 4018 quite
469 3951 532 4004 1616.

193 4035 202 4070 ¹
220 4036 276 4086 The
288 4051 428 4099 necessary
445 4033 597 4085 conclusion
609 4033 678 4083 from
695 4032 751 4084 this
769 4031 864 4099 phrase
882 4032 905 4083 is
923 4032 985 4084 that
1003 4033 1050 4083 the
1067 4035 1175 4099 granta
1193 4030 1221 4080 ol
1238 4030 1294 4081 this

156 4120 269 4179 61166166,
291 4117 410 4169 William
430 4117 463 4168 de
481 4117 574 4183 Percy,
596 4133 643 4167 son
664 4115 692 4166 oi
717 4115 794 4179 Alan,
814 4117 867 4167 and
894 4116 1026 4183 grandson
1051 4115 1079 4166 of
1103 4112 1222 4163 Williarn
1246 4112 1294 4164 tha

157 4201 287 4263 Founder,
303 4201 433 4254 executed
441 4202 464 4253 it
476 4201 572 4268 during
590 4200 637 4251 the
649 4199 721 4266 reign
741 4199 769 4250 oi
786 4200 881 4265 Henry
899 4213 928 4262 1.,
945 4198 1007 4250 that
1026 4197 1055 4261 is,
1068 4197 1097 4247 in
1109 4195 1187 4246 other
1197 4197 1294 4262 words,

157 4285 248 4337 before
262 4286 348 4347 11353
368 4301 403 4336 an
423 4285 556 4335 inierenoa
575 4283 662 4334 which
681 4283 704 4334 is
725 4283 874 4348 materially
886 4280 1029 4333 confirmed
1046 4279 1084 4345 by
1096 4278 1142 4329 the
1159 4277 1216 4331 fact
1233 4281 1294 4333 that

158 4368 200 4420 his
212 4370 302 4420 cousin
316 4368 433 4420 iormded
441 4368 488 4420 tha
500 4372 622 4430 convent,
638 4366 785 4418 Grenedale
797 4384 827 4417 or
839 4365 970 4427 Handale,
983 4365 1010 4415 in
1022 4363 1069 4414 tha
1081 4379 1144 4429 year
1159 4366 1234 4417 1133.

193 4448 205 4484 ¹
224 4451 351 4503 01661166.
