2916 4986
477 519 766 572 INTRODUOEORY
783 519 983 573 GHAPPERS.
1206 525 1294 569 xxxv

153 684 209 748 bus
217 682 367 768 impulsa
377 683 568 748 sustinuerit
578 684 841 766 perturbationes.
875 683 1294 768 Anno¹Dominimlxxviij

155 789 307 868 regnante
323 783 507 868 Aoplorron
528 803 609 868 rege,
623 784 795 866 prudentia
816 792 849 848 et
871 784 968 848 armis
982 783 1203 848 strenuissimo
1218 784 1296 860 viro,

165 882 329 959 Willalmo,
353 882 413 966 qni
434 883 589 965 Anqliam
611 882 728 946 ditioni
749 881 886 966 san'ecit
908 903 976 959 suo,
997 902 1082 946 anno
1105 882 1295 947 duodecimo

156 982 245 1066 regni
261 983 343 1066 ejus,
353 981 564 1065 pontificante
578 980 664 1064 apud
676 981 817 1046 Eborom
831 982 962 1046 domino
976 982 1096 1046 llwma
1109 981 1294 1064 Archiepis-

157 1102 245 1166 copo,
259 1101 319 1166 ego
343 1080 529 1164 Stephanae,
543 1079 701 1146 abdicatis
722 1101 781 1166 pro
801 1081 930 1147 Christo
953 1080 1176 1164 voluptatibus
1190 1081 1295 1145 carnis

156 1187 256 1264 atque
270 1180 407 1263 abjectis
423 1178 628 1244 secularibus
642 1179 737 1257 curis,
751 1179 792 1244 de
807 1179 973 1264 naufragio
994 1179 1093 1262 hujus
1115 1179 1225 1244 saculi
1238 1178 1296 1244 vix

156 1280 256 1356 evasi,
270 1285 370 1362 atque
391 1278 540 1343 habitum
561 1277 757 1343 monachicae
771 1279 934 1363 religionis
953 1278 1041 1362 apud
1059 1276 1296 1362 Wyttebciam,¹

157 1380 244 1443 siout
262 1385 373 1463 postea
387 1378 610 1455 declarabitur,
624 1378 760 1461 suscepi
804 1379 851 1443 Eo
873 1398 1013 1462 namque
1027 1378 1063 1441 in
1077 1378 1147 1442 loco
1162 1376 1295 1461 quidam

159 1479 283 1555 fratres,
311 1486 391 1542 tnnc
420 1477 574 1560 temporis
610 1477 832 1542 heremiticam
861 1478 964 1542 vitam
994 1477 1158 1553 ducentes,
1185 1477 1295 1559 ipsum

158 1576 266 1661 locum
288 1577 324 1640 in
352 1576 470 1641 melius
498 1596 651 1640 renovare
676 1577 859 1660 cupiebant,
882 1576 939 1660 qui
963 1575 1076 1660 priscis
1098 1575 1296 1656 temporibus

160 1675 395 1759 Religiosorum
402 1675 796 1740 virorumacfcminarum
805 1673 1295 1756 conversationeacpracdiorum

160 1775 270 1858 ampla
283 1775 491 1859 possessione,
503 1775 566 1839 fuit
580 1775 785 1853 honorabilis,
794 1775 889 1838 modo
900 1795 974 1839 vere
988 1792 1070 1856 pene
1085 1771 1127 1834 ad
1138 1771 1296 1837 nichilum

160 1875 307 1939 redactus
322 1883 399 1952 erat,
414 1875 618 1938 barbarorum
640 1895 678 1938 ac
692 1875 881 1958 praedonum
902 1871 1138 1938 incursionibus
1152 1871 1296 1950 diversis,

160 1974 214 2038 vel
229 1973 301 2039 aliis
316 1974 406 2051 forte,
421 1992 502 2057 quas
516 1973 633 2049 nescio,
647 1973 741 2037 malis
757 1972 869 2037 causis

204 2072 281 2136 Hiis
310 2093 384 2136 vero
406 2072 568 2148 fratribus,
593 2071 713 2155 quibus
735 2072 874 2137 sociatus
904 2090 987 2148 sum,
1007 2079 1141 2155 praerat
1162 2070 1295 2155 quidam

161 2170 357 2248 Renfridus,a
379 2171 473 2235 bonis
498 2169 624 2254 pollens
649 2170 802 2248 moribus,
831 2170 990 2234 virtutum
1015 2172 1196 2236 coelestium
1221 2170 1296 2234 dote

160 2270 343 2355 insignitus,
364 2270 423 2354 qui
444 2271 536 2353 cujus
556 2270 664 2334 meriti
686 2270 775 2354 apud
796 2271 904 2334 Deum
926 2269 1024 2334 fuerit
1045 2277 1205 2336 testantur
1226 2270 1296 2353 ejus

161 2389 265 2452 opera,
280 2369 392 2434 multis
407 2369 478 2452 ejus
493 2369 629 2452 vestigia
644 2370 736 2452 sequi
751 2368 934 2432 volentibus
950 2369 986 2431 in
1000 2389 1105 2434 avum
1120 2368 1295 2453 profutura.

204 2468 239 2534 Ie
261 2469 383 2552 qnippe
405 2467 490 2552 apud
513 2468 621 2532 locum
643 2468 701 2551 qui
725 2468 825 2532 (ima
846 2467 974 2544 dicitur,
995 2468 1031 2531 in
1053 2467 1294 2550 Northanhym-

160 2566 290 2631 brorum
311 2567 467 2651 partibus,
488 2567 578 2650 prius
600 2566 767 2649 aliquanto
789 2571 933 2649 tempore
947 2571 1170 2643 commoratus
1185 2567 1296 2649 ibique

162 2666 281 2730 divinae
296 2666 561 2750 contemplationi
580 2685 698 2729 vacans
721 2665 883 2729 solitarius
906 2665 1025 2741 extitit,
1039 2685 1165 2730 necnon
1184 2672 1296 2749 postca

160 2765 274 2830 multis
296 2764 360 2830 sibi
381 2765 510 2829 sociatis
533 2763 695 2840 fratribus,
717 2764 775 2847 qui
796 2765 867 2847 ejus
889 2764 1046 2829 desiderio
1068 2766 1109 2829 ad
1130 2785 1206 2829 enm
1220 2785 1297 2829 con·

160 2864 330 2941 fluxerant,
341 2865 411 2928 Deo
422 2868 531 2927 nostro
547 2862 608 2927 sub
620 2862 819 2927 districtione
828 2862 947 2947 regulae
957 2863 1095 2928 viriliter
1105 2864 1296 2947 aliquandiu

162 2962 342 3027 deservivit
387 2963 491 3026 Iocus
505 2968 613 3025 autem
626 2960 691 3038 ille,
703 2961 851 3044 quamvis
866 2960 907 3026 ad
922 2962 992 3044 ejus
1003 2961 1172 3026 introitum
1183 2961 1298 3026 fuisset

163 3063 303 3126 ferarum
317 3068 351 3126 et
365 3062 475 3126 avium
498 3060 665 3136 habitati0,
680 3059 759 3124 olirn
775 3067 884 3124 tamen
898 3059 933 3123 in
949 3080 987 3123 eo
1008 3059 1119 3123 extitit
1132 3079 1297 3123 servorum

163 3161 228 3225 Dei
262 3161 345 3225 inibi
374 3160 560 3243 degentium
594 3157 710 3223 fertilis
743 3159 946 3242 constipatio,
976 3159 1061 3222 inter
1090 3177 1170 3241 quoe
1200 3159 1297 3223 etiam

163 3260 355 3323 venerabilis
390 3259 548 3342 presbiter
576 3258 664 3322 Beda
692 3257 811 3334 floruit,
840 3257 897 3341 qui
933 3256 1037 3320 multa
1065 3257 1297 3340 scripturarum

162 3364 361 3423 sacramenta
382 3358 614 3442 perspiritum
639 3357 793 3421 Sanctum
816 3357 976 3422 disserens
998 3357 1039 3420 ad
1054 3357 1296 3424 aedificationem

162 3456 307 3521 fidelium
322 3458 559 3540 imperpetuum
570 3455 749 3539 dereliquit.

206 3556 383 3620 Praedictus
401 3576 474 3639 ergo
496 3556 678 3638 Rcosridua,
694 3554 843 3618 desiderii
865 3554 917 3619 sui
939 3575 1003 3619 non
1024 3555 1201 3633 immemor,
1223 3578 1297 3622 cum

162 3655 275 3719 fratres
304 3654 362 3738 qui
398 3675 473 3719 oum
509 3674 547 3718 ec
576 3654 783 3718 morabantur
818 3654 854 3717 in
890 3653 1070 3737 disciplinis
1098 3655 1297 3738 regularibus

163 3754 337 3819 instructos
366 3753 503 3818 vidisset
531 3753 695 3837 religionis
728 3752 913 3816 monasticae
937 3753 1106 3836 praeceptis
1134 3753 1298 3830 inhaerere,

164 3852 323 3936 deputans
336 3852 462 3917 labores
476 3852 553 3916 vitae
567 3850 734 3934 praesentis
749 3851 955 3933 parvissimos
970 3851 1009 3914 ad
1026 3851 1297 3934 comparationem

164 3955 291 4015 aterna
311 3950 541 4028 retributionis,
563 3949 643 4033 ipsis
665 3950 873 4014 maerentibus
902 3948 1093 4025 valedicens,
1122 3948 1298 4014 solitariam

165 4049 267 4112 vitam
288 4050 429 4115 ducendi
460 4049 564 4134 gratia
585 4047 830 4132 Wyttebeiam⁴
862 4047 963 4123 venit,
995 4047 1052 4111 sed
1081 4047 1128 4110 ibi
1161 4068 1295 4130 quoque.

165 4148 275 4213 andita
295 4150 365 4232 ejus
387 4150 483 4226 farne,
504 4148 613 4233 plures
635 4147 666 4212 ei
687 4147 801 4212 sociati
815 4152 901 4224 sunt,
915 4167 990 4211 curn
1012 4166 1049 4212 eo
1071 4147 1299 4229 perpetualiter

202 4307 212 4343 ¹
224 4311 414 4364 incarnationis
426 4311 567 4363 Dominlcoe
579 4309 696 4361 inserted
709 4310 738 4359 in
751 4309 779 4360 0,
1045 4306 1056 4340 ²
1077 4265 1226 4360 ll'itleblam.
1291 4383 1296 4390 .

201 4392 213 4426 ³
224 4395 381 4458 Reiqsridas,
396 4411 426 4446 aa
438 4395 494 4446 also
505 4395 533 4445 in
546 4395 582 4446 all
596 4394 687 4445 lutura
698 4409 772 4444 cases
783 4393 811 4443 cf
823 4408 985 4443 occurrence.

203 4474 214 4510 ⁴
233 4477 392 4542 Wptbebiom.
