2916 4986
345 525 615 577 OARTULARIUM
633 525 837 578 ABBATHIAE
856 528 904 579 DE
922 528 1110 582 wfflrhssr.
1232 517 1292 577 157

157 690 278 754 habeat
292 690 368 753 socb
381 689 392 727 ¹
415 696 449 755 et
471 691 556 767 sach,
572 691 643 754 thol
664 699 697 754 et
712 691 843 768 theam,²
857 698 890 755 et
912 693 1140 776 infangenthef
1147 692 1160 733 ⁸
1175 694 1227 777 [ut
1247 694 1295 757 ibi

156 790 260 872 aliqui
281 788 432 852 monachi
447 789 486 852 de
509 790 631 853 Witebi
650 791 771 873 jugiter
785 799 946 869 maneant,
961 797 994 856 et
1008 800 1100 856 orent
1121 812 1179 875 pro
1193 814 1245 857 me
1260 800 1293 857 et

156 909 214 973 pro
229 889 305 962 haer.
315 889 404 964 meis,
420 889 504 952 sicut
515 891 550 952 in
565 890 710 953 Ecclesia
726 891 818 954 Omn.
832 891 1023 954 Sanctorum
1035 891 1074 956 de
1090 893 1293 978 Fischergate

156 989 193 1051 in
219 988 385 1071 Eboraco}
429 988 546 1053 Teste.⁴
589 989 729 1052 Ranulfo
759 990 837 1072 Ep'o
864 991 1094 1071 Dunelmensi3
1117 998 1150 1056 et
1168 993 1293 1057 Comite

158 1087 198 1152 de
220 1087 356 1166 Mellet;
377 1086 529 1163 Henrico,
552 1088 679 1152 Comite
693 1088 902 1168 Wareuiah;⁵
924 1095 958 1154 et
972 1090 1079 1154 Alano
1102 1091 1142 1157 de
1166 1092 1256 1156 Perci
1269 1091 1294 1170 ;⁰

157 1192 191 1249 et
206 1186 345 1251 Roberto
361 1185 400 1249 de
416 1186 507 1250 Brua

246 1412 360 1477 CXCI.
384 1413 437 1475 Dr
451 1415 796 1479 uanrroarsrlrroua⁷
811 1433 969 1480 ronasra.
1016 1419 1076 1501 [M.
1095 1417 1196 1502 159b.]

202 1561 378 1638 Johannes,
394 1563 433 1626 D.
444 1563 482 1627 G.
500 1564 569 1626 Rex
585 1564 722 1648 Angliae,
737 1565 897 1629 Dominus
916 1565 1100 1647 Hyberniae,
1115 1567 1193 1630 Dux
1211 1567 1294 1630 Nor·

160 1662 299 1725 manniae
317 1668 351 1726 et
366 1662 586 1744 Aquitanniaa,
602 1672 635 1726 et
653 1663 768 1728 Comes
788 1664 995 1747 Andagaviae,
1014 1665 1200 1748 Archiep’is.
1224 1674 1295 1741 eto,

158 1759 304 1825 salutem.
350 1761 466 1824 Sciatis
481 1781 539 1824 nos
554 1761 732 1826 reddidisse
752 1769 785 1825 et
799 1763 993 1827 concessisse
1008 1771 1041 1827 et
1060 1764 1120 1846 pr.⁸
1140 1785 1164 1828 a.
1186 1771 1295 1828 nostra

159 1859 241 1923 conf.
257 1860 327 1922 Deo
347 1867 380 1923 et
399 1858 552 1923 Ecclesia
575 1860 605 1923 S.
622 1861 657 1923 P.
679 1867 712 1924 et
728 1861 758 1923 S.
775 1861 895 1941 Hyldae
919 1861 958 1924 de
973 1861 1125 1943 wyteby,
1144 1870 1177 1926 et
1199 1863 1294 1926 Petro

158 1957 291 2033 Abbati,
305 1965 338 2022 et
349 1978 431 2022 succ.
444 1959 520 2034 suis,
530 1964 563 2022 et
578 1979 663 2022 mon.
673 1959 748 2022 ibid.
761 1959 831 2022 Deo
847 1980 927 2023 serv.
939 1960 1175 2044 inperpetuum,
1184 1982 1295 2025 omnes

160 2055 287 2120 cervos⁹
297 2065 331 2121 et
341 2077 451 2120 cervas
463 2063 494 2120 et
506 2078 618 2140 porcos
630 2057 669 2121 de
681 2058 808 2122 forestis
820 2059 887 2122 suis
902 2059 1088 2124 constitutis
1098 2059 1183 2123 infra
1194 2067 1295 2124 metas

158 2156 294 2220 incerta
304 2156 401 2239 Regis
413 2157 557 2233 Henrici,
568 2157 621 2219 avi
630 2157 732 2239 patris
741 2158 853 2234 nostri,
864 2163 896 2221 et
906 2159 940 2221 in
950 2165 1038 2222 carta
1047 2159 1142 2244 Regis
1152 2160 1296 2236 Henriai,

159 2254 261 2338 patris
290 2256 401 2332 nostri,
430 2255 668 2333 determinatas,
694 2277 775 2341 quos
797 2256 883 2322 idem
914 2258 984 2321 Rex
1014 2259 1186 2335 Henricus,
1215 2280 1295 2324 avus

159 2354 260 2437 patris
283 2355 392 2428 nostri,
410 2354 473 2417 sibi
495 2354 761 2437 efflorestavarat.
806 2358 912 2433 Quare
927 2358 1076 2423 volumus
1096 2366 1130 2422 et
1150 2359 1296 2442 praecipi-

160 2472 233 2517 mus
247 2453 334 2536 quod
349 2453 459 2516 Abbas
475 2461 507 2517 et
522 2453 700 2538 mona[c]hi
715 2455 755 2518 da
771 2456 913 2538 wyteby
928 2457 1036 2520 omnia
1046 2477 1176 2521 nemora
1191 2477 1249 2521 sua
1264 2464 1297 2520 et

160 2560 308 2636 pasturas
335 2572 410 2616 suas
435 2553 470 2615 in
497 2559 690 2635 perpetuum
712 2560 854 2631 teneant,
876 2557 922 2619 ita
951 2556 1051 2620 libare
1074 2562 1107 2620 et
1129 2556 1238 2640 quiete
1264 2563 1298 2619 et

160 2649 335 2715 honorifice
364 2658 403 2714 ut
427 2651 539 2715 nullus
568 2652 608 2715 de
639 2652 795 2717 ministris
825 2654 943 2718 nostris
972 2655 1169 2719 intromittat
1197 2675 1231 2719 se
1257 2655 1297 2719 de

161 2749 345 2814 nemoribus
361 2757 394 2812 et
409 2751 548 2832 pasturis
564 2771 681 2815 eorum.
727 2752 940 2816 Concedimus
952 2753 1047 2816 etiam
1061 2761 1094 2817 et
1109 2753 1190 2817 conf.
1201 2753 1297 2835 prad.

161 2847 315 2913 Ecclesiae
337 2849 367 2913 S.
391 2850 427 2911 P.
452 2857 484 2913 et
507 2848 538 2912 S.
562 2849 604 2914 H.
628 2850 668 2913 de
690 2849 833 2932 Wyteby
856 2858 889 2914 et
911 2870 995 2915 mon.
1017 2850 1094 2915 ibid.
1116 2851 1187 2914 Deo
1217 2872 1298 2915 serv.

161 2966 272 3011 ornnes
293 2947 379 3021 t'ras,
398 2947 533 3010 forestas
556 2954 589 3010 et
610 2953 757 3029 pasturas
780 2967 860 3029 quas
875 2947 1061 3011 Willelmus
1082 2948 1123 3011 de
1145 2948 1245 3024 Porci,
1265 2956 1298 3012 at

164 3044 289 3109 Alanus
314 3045 402 3108 filius
436 3046 515 3127 ejus,
544 3045 731 3108 fundatores
764 3044 854 3108 illius
883 3044 1041 3122 Abbatiae,
1070 3045 1229 3109 dederunt
1262 3046 1297 3108 in

162 3144 381 3219 elemosinam,
404 3164 461 3226 per
487 3164 597 3207 omnes
623 3152 725 3207 metas
749 3144 834 3207 sicut
858 3144 994 3207 habetur
1019 3145 1053 3206 in
1078 3165 1103 3209 c.
1133 3145 1232 3208 Alani
1258 3145 1297 3208 de

161 3243 409 3309 Parui-videl.
440 3262 460 3305 a
489 3252 585 3326 portu
621 3242 826 3325 Wytebiensi
862 3247 965 3305 totam
1002 3243 1159 3308 marinam
1196 3265 1297 3327 usque

161 3340 357 3418 Blauuich,¹⁰
379 3349 413 3406 et
428 3341 504 3405 inde
527 3362 628 3426 usque
645 3339 842 3419 Grandich,¹¹
864 3347 897 3406 et
919 3341 953 3403 in
968 3340 1101 3427 longum
1117 3343 1299 3408 Grenedich

198 3489 209 3524 ¹
226 3492 264 3544 M.
278 3492 306 3546 0.
320 3508 372 3544 soc.

197 3571 209 3607 ¹
226 3575 255 3629 G.
268 3574 316 3625 has
329 3580 348 3604 “
357 3578 385 3626 et
397 3591 448 3638 sac,
457 3579 485 3625 et
492 3575 543 3626 toll
555 3579 583 3626 at
592 3575 672 3635 tem,”
685 3575 737 3626 and
747 3575 826 3627 omits
840 3574 1049 3644 “infangenthef
1055 3576 1070 3600 '¹
1083 3578 1238 3647 altogether,
1249 3578 1300 3631 bnt

161 3657 259 3709 inserts
270 3658 317 3709 the
329 3658 416 3709 words
428 3658 547 3709 between
561 3657 693 3710 brackets.

198 3738 210 3772 ³
227 3740 255 3792 0.
270 3740 493 3807 infangenetehoh

197 3820 209 3856 ⁴
226 3822 254 3876 O.
268 3822 364 3874 inserts
376 3823 558 3888 immediately
570 3823 640 3874 aiter
651 3823 681 3873 Τ.
694 3823 790 3886 (which
803 3824 887 3890 ought
904 3828 933 3875 to
945 3824 1025 3875 stand
1042 3825 1085 3876 for
1104 3827 1194 3890 Teste)
1209 3826 1298 3893 “Epo

162 3902 274 3968 Exon',”
286 3905 339 3957 and
352 3906 418 3956 then
430 3921 492 3972 goes
504 3922 538 3956 on
551 3906 617 3957 with
634 3913 651 3935 “
660 3905 777 3957 Ranulio
790 3906 856 3973 Ep’o
868 3907 1017 3958 Dunelm'.'’

197 3984 210 4021 ⁸
227 3989 256 4042 0.
269 3987 409 4040 Warewio.
449 3989 544 4054 Henry
557 3988 620 4039 Earl
634 3988 662 4038 oi
675 3988 818 4050 Warwich,
831 3989 893 4039 died
908 3991 985 4040 1123.

198 4067 211 4103 ⁰
228 4071 257 4126 0.
271 4071 340 4122 aiter
352 4071 429 4122 Porci
440 4070 517 4121 reads
530 4075 546 4098 ‘⁸
554 4071 626 4137 apud
638 4071 841 4122 Portasmudam
854 4088 901 4137 per
914 4071 1060 4121 Robertum
1073 4071 1107 4122 de
1119 4071 1217 4123 Brus’.”

198 4151 209 4188 7
227 4154 284 4205 The
297 4154 358 4205 first
369 4158 431 4220 part
444 4153 472 4203 oi
483 4154 539 4204 this
553 4154 692 4205 chartaria
705 4169 722 4203 a
734 4154 893 4204 restoration
905 4158 935 4203 to
946 4153 1098 4219 theAbbay
1109 4154 1138 4204 oi
1149 4153 1263 4220 Whitby
1272 4155 1301 4205 oi

165 4237 213 4288 tha
231 4239 316 4289 foreat
334 4238 422 4304 rights
440 4237 571 4287 alienated
590 4242 620 4289 to
639 4237 732 4302 Henry
751 4251 769 4287 a
790 4236 827 4301 by
846 4236 937 4286 Abbot
955 4235 1074 4286 william
1093 4236 1126 4287 de
1144 4238 1248 4302 Percy3
1266 4255 1301 4288 no

163 4321 335 4387 explanation
348 4320 376 4372 of
394 4320 440 4372 tha
454 4321 613 4371 restoration
626 4321 657 4382 is,
670 4320 801 4381 however,
814 4320 901 4386 given,
917 4334 946 4368 us
964 4334 1032 4368 none
1044 4335 1100 4370 was
1111 4320 1190 4387 giren
1209 4321 1237 4372 oi
1253 4321 1301 4372 the

162 4402 314 4455 alienation.

198 4483 210 4517 ⁸
224 4493 351 4551 presente.
487 4483 498 4517 ⁰
516 4501 627 4538 ceruum.
738 4481 760 4516 ¹⁰
777 4483 813 4536 Μ.
827 4483 935 4535 Blavia.
1052 4484 1072 4517 ¹¹
1091 4487 1128 4538 Μ.
1149 4485 1272 4539 Grandia
