2916 4986
346 526 619 580 dearmatum
638 528 844 581 ABBATHIAE
861 527 911 582 DE
924 528 1111 582 wlstanus.
1235 519 1294 578 tal

155 689 378 774 suscipiuntur
398 693 433 756 in
456 692 643 776 amplexum
658 710 727 776 qn
738 710 807 777 μ
817 693 917 776 Γῇ
926 695 1147 759 ω
1158 693 1301 778 μὴ

155 791 308 867 caritatis,
330 792 572 870 uniformitatis,
594 812 631 856 ac
652 793 772 857 mentis
795 791 927 858 libertas
949 793 1011 857 sub
1033 793 1155 858 umbris
1176 793 1300 858 fioriffis

155 890 354 956 luculentius
365 891 573 956 illustrantur
583 896 616 956 et
627 892 807 975 quiescunt,
818 899 852 956 et
866 891 1100 957 inextricabilis
1111 892 1301 976 improbitas

155 989 359 1074 litigantium
388 989 441 1054 sui
473 989 607 1074 prodiga
637 990 787 1054 funditus
823 990 987 1055 concidit¹
1015 991 1051 1054 in
1080 991 1208 1055 ruinam
1244 1011 1303 1075 per

155 1089 292 1154 easdem.
349 1089 439 1154 Hinc
468 1094 518 1153 est
547 1089 634 1172 quod
663 1110 738 1153 cum
764 1089 850 1153 inter
874 1090 1036 1154 Abbatem
1066 1096 1100 1155 et
1129 1090 1228 1156 Conv.
1259 1091 1300 1156 de

156 1187 313 1273 Whiteby
324 1197 455 1266 actores,
466 1209 506 1253 ex
521 1209 588 1254 una
601 1196 701 1273 parte,
712 1195 746 1252 et
759 1189 940 1254 Dominum
954 1190 1135 1254 Walterum
1149 1191 1189 1255 de
1204 1192 1301 1274 Grey,

157 1288 326 1354 Rectorem
341 1289 417 1353 eccl.
434 1289 474 1353 de
489 1288 623 1366 Scmar,²
637 1309 738 1365 reum,
753 1310 794 1353 ex
809 1289 919 1367 altera,
931 1309 1037 1353 coram
1052 1290 1146 1354 nobis
1161 1289 1300 1354 auctori·

155 1394 224 1452 tate
239 1389 400 1453 ordinaria
414 1387 685 1471 cognoscentibus
700 1407 799 1472 super
817 1388 979 1453 amotione
1002 1389 1147 1471 ejusdem
1162 1388 1301 1453 Walter-i

157 1488 198 1551 ab
219 1488 355 1552 ecclesia
376 1487 417 1551 de
444 1487 564 1563 Semau
586 1491 619 1550 et
641 1506 750 1551 annua
774 1486 930 1569 pensione
951 1487 1097 1571 quinque
1120 1507 1300 1551 marcarum

156 1585 278 1650 eisdem
300 1585 424 1650 Abbati
445 1591 479 1650 et
501 1586 601 1650 Gonv.
621 1583 799 1662 annuatim,
821 1586 952 1650 nomine
975 1586 1072 1650 dictae
1093 1586 1237 1650 ecclesiae
1259 1585 1300 1650 ab

158 1684 270 1748 eodem
289 1684 443 1761 Waltero,
465 1683 701 1760 solvendarum,
723 1703 820 1748 causa
841 1684 958 1748 fuisset
982 1683 1137 1748 lunuliter
1157 1685 1204 1750 sic
1227 1705 1300 1768 pro·

157 1780 278 1847 tracta³
299 1784 386 1866 quod
408 1782 513 1847 solum
535 1788 719 1866 superesset
740 1783 903 1847 sententia
917 1782 1091 1847 diffinitiva
1111 1783 1300 1867 proferenda

158 1881 195 1944 in
216 1881 518 1965 praemissis,pa1tes
533 1881 622 1965 pacis
638 1881 841 1945 concordiam
863 1881 1096 1965 amplectentes
1111 1901 1208 1966 super
1224 1903 1300 1946 con-

158 1980 360 2045 tentionibus
385 1980 466 2065 (89b)
490 1986 570 2045 tunc
592 1981 713 2045 habitis
736 1981 822 2045 inter
843 1981 940 2064 ipsas,
955 1988 1073 2045 nostrae
1095 1982 1299 2060 ordinationi,

159 2079 347 2143 diffinitioni
362 2098 418 2144 seu
433 2080 561 2145 decreto
576 2086 692 2163 sponte
707 2099 742 2144 se
756 2080 985 2156 submisemnt,
996 2079 1125 2143 firmum
1136 2087 1170 2145 et
1184 2081 1299 2146 stabile

159 2198 194 2242 se
216 2177 382 2242 habituros
403 2180 628 2263 promittentes
650 2178 737 2262 quod
759 2178 983 2256 ordinandum,
1004 2178 1218 2244 diffinendum
1241 2200 1300 2244 seu

158 2277 404 2343 discernendum
431 2279 582 2343 similiter
607 2278 795 2343 duxerimus
824 2279 860 2342 in
886 2279 1061 2363 praemissis
1090 2279 1175 2344 inter
1203 2279 1299 2363 ipsos.

159 2378 227 2442 Nos
248 2377 348 2462 igitur
367 2378 517 2444 invocata
536 2379 677 2462 Spiritus
701 2380 812 2444 Sancti
833 2381 945 2464 gratia,
959 2380 1087 2463 rejectis
1109 2379 1298 2463 ambagibus

157 2481 191 2540 et
206 2477 393 2542 circuitibus
405 2470 586 2556 'retroactis
601 2479 797 2556 ordinamus,
811 2479 999 2555 diffinimus,
1014 2498 1071 2543 sen
1086 2479 1299 2544 discernimus

158 2576 244 2658 quod
259 2576 423 2641 Walterus
439 2577 545 2641 dictus
560 2578 709 2641 restituat
726 2578 908 2661 saepedictis
920 2577 1040 2641 Abbati
1055 2583 1088 2641 et
1103 2577 1202 2643 Conv.
1219 2577 1299 2642 duas

157 2682 265 2759 partes
280 2675 477 2739 decimarum
499 2676 668 2759 garbarum
683 2675 928 2739 dominicalium
943 2674 983 2739 de
1003 2675 1114 2739 Semar
1128 2695 1209 2758 quas
1224 2677 1300 2739 suo⁴

156 2781 312 2859 perpetuo
326 2775 367 2839 ab
383 2775 428 2839 eis
444 2776 486 2838 ad
501 2775 626 2837 firmam
641 2793 699 2857 pro
714 2774 929 2857 quadraginta
944 2772 1055 2837 solidis
1070 2774 1187 2837 annuis
1208 2774 1299 2856 prius

157 2875 266 2937 tenuit
283 2880 317 2938 et
337 2873 493 2957 possedit,
506 2877 539 2936 et
556 2872 644 2954 quod
666 2872 787 2936 eisdem
801 2871 842 2936 de
857 2876 973 2935 caetero
995 2871 1101 2935 solvat
1122 2871 1301 2950 annuatim,

157 2972 289 3036 nomine
304 2971 446 3035 ecclesiae
461 2971 501 3034 de
517 2971 637 3048 Semar,
652 2972 744 3054 cujus
760 2976 839 3034 sunt
859 2971 997 3054 patroni,
1013 2970 1158 3053 quinque
1177 2989 1300 3036 marcas

157 3070 324 3155 pensionis
354 3068 476 3133 eisdem
502 3069 619 3133 debitae
648 3071 688 3134 ab
718 3069 1002 3153 antiquo-videl.
1030 3070 1071 3132 ad
1101 3069 1192 3133 Pent.
1220 3068 1300 3135 duas

158 3189 282 3232 marcas
297 3175 330 3232 et
341 3167 427 3244 dim,
438 3175 471 3232 et
485 3174 614 3231 tantum
629 3169 671 3234 ad
685 3169 705 3232 f.
719 3169 778 3253 [S.]
796 3168 933 3232 Martini
947 3166 1082 3252 yemale,
1095 3174 1128 3232 et
1142 3169 1300 3252 arreragiis

159 3267 396 3352 praemissorum
410 3266 532 3332 eisdem
547 3267 685 3332 debebat
699 3288 803 3351 usque
824 3266 928 3331 modo.
972 3268 1017 3331 Et
1031 3266 1059 3331 si
1074 3287 1171 3350 quem
1188 3267 1300 3332 termi-

112 3357 116 3364 ’
159 3387 240 3431 num
251 3366 286 3429 in
297 3386 364 3429 non
374 3367 527 3430 solvendo
539 3367 729 3450 praeterierit
740 3366 780 3431 de
794 3365 967 3451 praedictis,
976 3365 1119 3431 Domino
1129 3366 1299 3452 Archiep’o

159 3464 361 3542 Eboracensi,
372 3466 429 3548 qui
443 3485 502 3550 pro
513 3470 657 3548 tempore
669 3465 777 3544 merit,
787 3465 842 3530 vel
852 3466 924 3548 ejus
936 3465 1075 3530 Officiali
1089 3486 1148 3531 suo
1159 3468 1299 3544 nomine,

158 3565 195 3628 in
217 3571 347 3630 centum
370 3565 490 3630 solidos
512 3565 644 3630 nomine
665 3584 770 3650 poenae
785 3566 934 3630 teneatur
955 3565 1111 3644 absolute,
1126 3575 1160 3631 et
1181 3566 1298 3631 nichil-

158 3664 286 3729 ominus
310 3663 350 3728 de
374 3663 548 3748 principali
573 3665 788 3748 praetermissa
808 3664 932 3729 Abbati
958 3672 992 3730 et
1018 3666 1202 3730 Conventui
1226 3685 1298 3749 per·

158 3761 325 3827 solvantur
354 3764 475 3846 absque
503 3783 601 3828 mora
663 3763 858 3828 Ordinamus
888 3763 995 3841 etiam,
1024 3764 1209 3839 diffinimus,
1240 3783 1297 3826 seu

159 3863 370 3927 discernimus
385 3863 472 3946 quod
488 3864 597 3928 Abbas
618 3870 652 3928 et
667 3863 766 3929 Conv.
781 3865 951 3928 memorati
972 3884 1102 3928 causam
1125 3860 1297 3925 amotionis

159 3961 240 4026 dicti
264 3961 402 4025 Walteri
432 3962 472 4026 ab
499 3962 632 4027 ecclesia
661 3962 701 4026 de
731 3963 844 4028 Semar
868 3962 1067 4046 judicialiter
1095 3957 1298 4022 institutam⁶

194 4147 204 4182 ¹
223 4150 347 4201 coasddit.
733 4147 745 4182 ²
762 4149 811 4201 See
822 4148 870 4200 the
882 4151 937 4198 two
948 4146 1002 4196 last
1013 4144 1177 4195 documents.

194 4230 206 4266 ³
223 4233 288 4284 This
306 4232 417 4300 reading
434 4231 457 4283 is
475 4236 546 4285 most
563 4233 791 4299 unsatisfactory3
808 4231 857 4283 the
868 4229 927 4280 first
941 4227 1066 4280 doubtful
1077 4227 1151 4277 word
1169 4242 1218 4277 can
1236 4226 1299 4292 only

157 4317 191 4368 be
216 4318 338 4368 limola'tcr
360 4332 391 4367 or
414 4317 540 4379 luacliter,
559 4317 612 4368 and
634 4317 682 4368 the
703 4315 801 4368 second
823 4311 952 4377 certainly
975 4310 1067 4377 begins
1086 4309 1152 4360 with
1175 4326 1232 4374 pro,
1252 4310 1299 4361 the

157 4400 250 4451 letters
269 4399 330 4451 that
348 4399 436 4451 follow
448 4398 529 4468 being
546 4399 633 4452 either
651 4401 698 4450 tito
716 4414 746 4448 or
764 4403 824 4459 ata,
837 4395 903 4445 with
916 4394 964 4446 the
975 4392 1051 4445 usual
1070 4392 1173 4458 symbol
1191 4392 1219 4442 oi
1236 4410 1297 4444 con·

158 4482 274 4534 traction
285 4481 328 4533 ior
340 4499 372 4533 ra
385 4481 476 4534 above.
728 4478 747 4542 ,⁴
766 4478 816 4531 Ita.
1082 4473 1093 4508 ⁶
1111 4478 1259 4527 institutum.
