<?xml version="1.0" encoding="UTF-8"?>
<!DOCTYPE html PUBLIC "-//W3C//DTD XHTML 1.0 Transitional//EN"
    "http://www.w3.org/TR/xhtml1/DTD/xhtml1-transitional.dtd">
<html xmlns="http://www.w3.org/1999/xhtml" xml:lang="en" lang="en">
 <head>
  <title>
</title>
<meta http-equiv="Content-Type" content="text/html;charset=utf-8" />
  <meta name='ocr-system' content='tesseract 3.04.00' />
  <meta name='ocr-capabilities' content='ocr_page ocr_carea ocr_par ocr_line ocrx_word'/>
</head>
<body>
  <div class='ocr_page' id='page_1' title='image "./cartulariumabba00abbegoog_0344.png"; bbox 0 0 2916 4986; ppageno 0'>
   <div class='ocr_carea' id='block_1_1' title="bbox 293 512 1248 573">
    <p class='ocr_par' dir='ltr' id='par_1_1' title="bbox 293 512 1248 573">
     <span class='ocr_line' id='line_1_1' title="bbox 293 512 1248 573; baseline 0.001 -4"><span class='ocrx_word' id='word_1_1' title='bbox 293 514 565 569; x_wconf 77' lang='lat' dir='ltr'><strong>CARTULABIUM</strong></span> <span class='ocrx_word' id='word_1_2' title='bbox 581 516 784 569; x_wconf 82' lang='lat' dir='ltr'>ABBATHIAE</span> <span class='ocrx_word' id='word_1_3' title='bbox 800 518 850 570; x_wconf 77' lang='grc' dir='ltr'>ΒΕ</span> <span class='ocrx_word' id='word_1_4' title='bbox 868 517 1053 572; x_wconf 84' lang='lat' dir='ltr'><strong>WHITEBY.</strong></span> <span class='ocrx_word' id='word_1_5' title='bbox 1187 512 1248 573; x_wconf 78' lang='lat' dir='ltr'>2l5</span> 
     </span>
    </p>
   </div>
   <div class='ocr_carea' id='block_1_2' title="bbox 105 679 1250 4330">
    <p class='ocr_par' dir='ltr' id='par_1_2' title="bbox 105 679 1250 4138">
     <span class='ocr_line' id='line_1_2' title="bbox 110 679 1248 770; baseline 0.004 -25"><span class='ocrx_word' id='word_1_6' title='bbox 110 682 267 767; x_wconf 82' lang='lat' dir='ltr'>Fylynge,</span> <span class='ocrx_word' id='word_1_7' title='bbox 283 686 316 745; x_wconf 92' lang='lat' dir='ltr'>et</span> <span class='ocrx_word' id='word_1_8' title='bbox 325 681 460 744; x_wconf 88' lang='lat' dir='ltr'>aliamm</span> <span class='ocrx_word' id='word_1_9' title='bbox 471 679 629 745; x_wconf 93' lang='lat' dir='ltr'>dictarum</span> <span class='ocrx_word' id='word_1_10' title='bbox 644 682 840 767; x_wconf 83' lang='lat' dir='ltr'>capellarum</span> <span class='ocrx_word' id='word_1_11' title='bbox 850 685 994 749; x_wconf 89' lang='lat' dir='ltr'>omniurn</span> <span class='ocrx_word' id='word_1_12' title='bbox 1005 692 1039 750; x_wconf 92' lang='lat' dir='ltr'>et</span> <span class='ocrx_word' id='word_1_13' title='bbox 1050 685 1248 770; x_wconf 88' lang='lat' dir='ltr'>singularum</span> 
     </span>
     <span class='ocr_line' id='line_1_3' title="bbox 111 779 1248 864; baseline 0.003 -18"><span class='ocrx_word' id='word_1_14' title='bbox 111 802 131 847; x_wconf 93' lang='lat' dir='ltr'>a</span> <span class='ocrx_word' id='word_1_15' title='bbox 148 782 236 846; x_wconf 88' lang='lat' dir='ltr'>dicta</span> <span class='ocrx_word' id='word_1_16' title='bbox 257 780 402 845; x_wconf 80' lang='lat' dir='ltr'>Ecclesia</span> <span class='ocrx_word' id='word_1_17' title='bbox 415 779 677 864; x_wconf 81' lang='lat' dir='ltr'>dependentium,</span> <span class='ocrx_word' id='word_1_18' title='bbox 692 782 835 860; x_wconf 91' lang='lat' dir='ltr'>debetur,</span> <span class='ocrx_word' id='word_1_19' title='bbox 851 788 884 848; x_wconf 91' lang='lat' dir='ltr'>et</span> <span class='ocrx_word' id='word_1_20' title='bbox 906 783 990 847; x_wconf 92' lang='lat' dir='ltr'>solvi</span> <span class='ocrx_word' id='word_1_21' title='bbox 1012 786 1187 862; x_wconf 86' lang='lat' dir='ltr'>consuevit,</span> <span class='ocrx_word' id='word_1_22' title='bbox 1202 806 1248 862; x_wconf 88' lang='lat' dir='ltr'>ac,</span> 
     </span>
     <span class='ocr_line' id='line_1_4' title="bbox 110 879 1247 964; baseline 0.004 -20"><span class='ocrx_word' id='word_1_23' title='bbox 110 901 168 964; x_wconf 92' lang='lat' dir='ltr'>per</span> <span class='ocrx_word' id='word_1_24' title='bbox 204 879 399 944; x_wconf 91' lang='lat' dir='ltr'>solutionem</span> <span class='ocrx_word' id='word_1_25' title='bbox 433 879 539 944; x_wconf 73' lang='lat' dir='ltr'>unicae</span> <span class='ocrx_word' id='word_1_26' title='bbox 575 881 808 963; x_wconf 81' lang='lat' dir='ltr'>procurationis</span> <span class='ocrx_word' id='word_1_27' title='bbox 838 881 1127 960; x_wconf 87' lang='lat' dir='ltr'>Archidiaconalis,</span> <span class='ocrx_word' id='word_1_28' title='bbox 1155 884 1247 948; x_wconf 85' lang='lat' dir='ltr'>esse¹</span> 
     </span>
     <span class='ocr_line' id='line_1_5' title="bbox 111 977 1247 1065; baseline 0.004 -22"><span class='ocrx_word' id='word_1_29' title='bbox 111 979 243 1044; x_wconf 90' lang='lat' dir='ltr'>omnino</span> <span class='ocrx_word' id='word_1_30' title='bbox 272 977 366 1042; x_wconf 91' lang='lat' dir='ltr'>liberi</span> <span class='ocrx_word' id='word_1_31' title='bbox 392 984 426 1042; x_wconf 89' lang='lat' dir='ltr'>et</span> <span class='ocrx_word' id='word_1_32' title='bbox 454 977 615 1043; x_wconf 90' lang='lat' dir='ltr'>immunes</span> <span class='ocrx_word' id='word_1_33' title='bbox 642 999 662 1044; x_wconf 93' lang='lat' dir='ltr'>a</span> <span class='ocrx_word' id='word_1_34' title='bbox 686 985 831 1063; x_wconf 89' lang='lat' dir='ltr'>ternpore</span> <span class='ocrx_word' id='word_1_35' title='bbox 857 986 891 1044; x_wconf 87' lang='lat' dir='ltr'>et</span> <span class='ocrx_word' id='word_1_36' title='bbox 915 1001 973 1065; x_wconf 89' lang='lat' dir='ltr'>per</span> <span class='ocrx_word' id='word_1_37' title='bbox 998 988 1128 1064; x_wconf 89' lang='lat' dir='ltr'>tempus</span> <span class='ocrx_word' id='word_1_38' title='bbox 1154 983 1247 1065; x_wconf 88' lang='lat' dir='ltr'>cujus</span> 
     </span>
     <span class='ocr_line' id='line_1_6' title="bbox 110 1075 1250 1159; baseline 0.004 -18"><span class='ocrx_word' id='word_1_39' title='bbox 110 1078 198 1142; x_wconf 90' lang='lat' dir='ltr'>initii</span> <span class='ocrx_word' id='word_1_40' title='bbox 219 1076 375 1141; x_wconf 90' lang='lat' dir='ltr'>memoria</span> <span class='ocrx_word' id='word_1_41' title='bbox 396 1075 535 1159; x_wconf 89' lang='lat' dir='ltr'>alicujus</span> <span class='ocrx_word' id='word_1_42' title='bbox 551 1076 694 1141; x_wconf 90' lang='lat' dir='ltr'>hominis</span> <span class='ocrx_word' id='word_1_43' title='bbox 708 1099 774 1142; x_wconf 94' lang='lat' dir='ltr'>non</span> <span class='ocrx_word' id='word_1_44' title='bbox 796 1078 919 1156; x_wconf 77' lang='lat' dir='ltr'>existit,</span> <span class='ocrx_word' id='word_1_45' title='bbox 935 1100 994 1144; x_wconf 91' lang='lat' dir='ltr'>nec</span> <span class='ocrx_word' id='word_1_46' title='bbox 1009 1100 1029 1143; x_wconf 91' lang='lat' dir='ltr'>a</span> <span class='ocrx_word' id='word_1_47' title='bbox 1043 1079 1100 1144; x_wconf 93' lang='lat' dir='ltr'>diu</span> <span class='ocrx_word' id='word_1_48' title='bbox 1115 1085 1173 1157; x_wconf 90' lang='lat' dir='ltr'>est,</span> <span class='ocrx_word' id='word_1_49' title='bbox 1188 1101 1250 1146; x_wconf 89' lang='lat' dir='ltr'>nec</span> 
     </span>
     <span class='ocr_line' id='line_1_7' title="bbox 111 1175 1249 1261; baseline 0.004 -21"><span class='ocrx_word' id='word_1_50' title='bbox 111 1183 187 1241; x_wconf 88' lang='lat' dir='ltr'>ante</span> <span class='ocrx_word' id='word_1_51' title='bbox 209 1176 410 1241; x_wconf 82' lang='lat' dir='ltr'>exactionem</span> <span class='ocrx_word' id='word_1_52' title='bbox 425 1175 612 1258; x_wconf 76' lang='lat' dir='ltr'>praedictam</span> <span class='ocrx_word' id='word_1_53' title='bbox 635 1177 927 1242; x_wconf 79' lang='lat' dir='ltr'>extabatz-Unde</span> <span class='ocrx_word' id='word_1_54' title='bbox 949 1178 1047 1261; x_wconf 89' lang='lat' dir='ltr'>petiit</span> <span class='ocrx_word' id='word_1_55' title='bbox 1067 1179 1154 1242; x_wconf 87' lang='lat' dir='ltr'>idem</span> <span class='ocrx_word' id='word_1_56' title='bbox 1170 1180 1249 1244; x_wconf 86' lang='lat' dir='ltr'>Pro·</span> 
     </span>
     <span class='ocr_line' id='line_1_8' title="bbox 111 1275 1248 1360; baseline 0.001 -19"><span class='ocrx_word' id='word_1_57' title='bbox 111 1283 245 1354; x_wconf 87' lang='lat' dir='ltr'>curator,</span> <span class='ocrx_word' id='word_1_58' title='bbox 261 1275 392 1339; x_wconf 89' lang='lat' dir='ltr'>nornine</span> <span class='ocrx_word' id='word_1_59' title='bbox 413 1294 478 1358; x_wconf 91' lang='lat' dir='ltr'>quo</span> <span class='ocrx_word' id='word_1_60' title='bbox 500 1295 608 1358; x_wconf 91' lang='lat' dir='ltr'>supra,</span> <span class='ocrx_word' id='word_1_61' title='bbox 622 1283 661 1339; x_wconf 91' lang='lat' dir='ltr'>ut</span> <span class='ocrx_word' id='word_1_62' title='bbox 682 1277 856 1360; x_wconf 75' lang='lat' dir='ltr'>praemissis</span> <span class='ocrx_word' id='word_1_63' title='bbox 871 1277 1024 1360; x_wconf 89' lang='lat' dir='ltr'>probatis,</span> <span class='ocrx_word' id='word_1_64' title='bbox 1040 1285 1073 1342; x_wconf 90' lang='lat' dir='ltr'>ct</span> <span class='ocrx_word' id='word_1_65' title='bbox 1094 1278 1130 1341; x_wconf 90' lang='lat' dir='ltr'>in</span> <span class='ocrx_word' id='word_1_66' title='bbox 1144 1278 1248 1342; x_wconf 86' lang='lat' dir='ltr'>forma</span> 
     </span>
     <span class='ocr_line' id='line_1_9' title="bbox 107 1374 1246 1458; baseline 0.001 -19"><span class='ocrx_word' id='word_1_67' title='bbox 107 1375 191 1458; x_wconf 87' lang='lat' dir='ltr'>juris</span> <span class='ocrx_word' id='word_1_68' title='bbox 212 1374 392 1451; x_wconf 83' lang='lat' dir='ltr'>declaratis,</span> <span class='ocrx_word' id='word_1_69' title='bbox 415 1375 518 1438; x_wconf 91' lang='lat' dir='ltr'>dictos</span> <span class='ocrx_word' id='word_1_70' title='bbox 541 1374 730 1458; x_wconf 87' lang='lat' dir='ltr'>Religi0s0s‚</span> <span class='ocrx_word' id='word_1_71' title='bbox 752 1376 900 1440; x_wconf 89' lang='lat' dir='ltr'>dominos</span> <span class='ocrx_word' id='word_1_72' title='bbox 922 1382 1058 1453; x_wconf 75' lang='lat' dir='ltr'>suaset</span> <span class='ocrx_word' id='word_1_73' title='bbox 1080 1396 1246 1441; x_wconf 83' lang='lat' dir='ltr'>saeorum</span> 
     </span>
     <span class='ocr_line' id='line_1_10' title="bbox 110 1473 1246 1560; baseline 0.001 -21"><span class='ocrx_word' id='word_1_74' title='bbox 110 1476 250 1552; x_wconf 91' lang='lat' dir='ltr'>nomine,</span> <span class='ocrx_word' id='word_1_75' title='bbox 264 1474 300 1538; x_wconf 94' lang='lat' dir='ltr'>in</span> <span class='ocrx_word' id='word_1_76' title='bbox 314 1474 412 1538; x_wconf 88' lang='lat' dir='ltr'>unica</span> <span class='ocrx_word' id='word_1_77' title='bbox 427 1473 496 1538; x_wconf 90' lang='lat' dir='ltr'>sola</span> <span class='ocrx_word' id='word_1_78' title='bbox 510 1474 742 1557; x_wconf 85' lang='lat' dir='ltr'>procuratione,</span> <span class='ocrx_word' id='word_1_79' title='bbox 755 1475 791 1538; x_wconf 93' lang='lat' dir='ltr'>in</span> <span class='ocrx_word' id='word_1_80' title='bbox 806 1475 909 1539; x_wconf 87' lang='lat' dir='ltr'>forma</span> <span class='ocrx_word' id='word_1_81' title='bbox 923 1475 1152 1540; x_wconf 82' lang='lat' dir='ltr'>moderationis</span> <span class='ocrx_word' id='word_1_82' title='bbox 1166 1496 1246 1560; x_wconf 78' lang='lat' dir='ltr'>prac-</span> 
     </span>
     <span class='ocr_line' id='line_1_11' title="bbox 110 1573 1248 1658; baseline 0.003 -20"><span class='ocrx_word' id='word_1_83' title='bbox 110 1574 213 1650; x_wconf 73' lang='lat' dir='ltr'>dictae</span> <span class='ocrx_word' id='word_1_84' title='bbox 229 1574 322 1638; x_wconf 91' lang='lat' dir='ltr'>nobis</span> <span class='ocrx_word' id='word_1_85' title='bbox 344 1579 377 1638; x_wconf 88' lang='lat' dir='ltr'>et</span> <span class='ocrx_word' id='word_1_86' title='bbox 399 1573 634 1637; x_wconf 87' lang='lat' dir='ltr'>successoribus</span> <span class='ocrx_word' id='word_1_87' title='bbox 648 1574 777 1652; x_wconf 85' lang='lat' dir='ltr'>nostris,</span> <span class='ocrx_word' id='word_1_88' title='bbox 792 1575 849 1658; x_wconf 89' lang='lat' dir='ltr'>qui</span> <span class='ocrx_word' id='word_1_89' title='bbox 867 1595 925 1658; x_wconf 92' lang='lat' dir='ltr'>pro</span> <span class='ocrx_word' id='word_1_90' title='bbox 940 1575 1136 1658; x_wconf 85' lang='lat' dir='ltr'>temporibus</span> <span class='ocrx_word' id='word_1_91' title='bbox 1151 1584 1248 1641; x_wconf 89' lang='lat' dir='ltr'>erunt</span> 
     </span>
     <span class='ocr_line' id='line_1_12' title="bbox 108 1671 1247 1759; baseline 0.003 -22"><span class='ocrx_word' id='word_1_92' title='bbox 108 1674 337 1738; x_wconf 87' lang='lat' dir='ltr'>Archidiaconi</span> <span class='ocrx_word' id='word_1_93' title='bbox 350 1671 575 1749; x_wconf 86' lang='lat' dir='ltr'>Olevelandiae,</span> <span class='ocrx_word' id='word_1_94' title='bbox 584 1693 658 1736; x_wconf 88' lang='lat' dir='ltr'>cum</span> <span class='ocrx_word' id='word_1_95' title='bbox 671 1673 792 1738; x_wconf 90' lang='lat' dir='ltr'>dictam</span> <span class='ocrx_word' id='word_1_96' title='bbox 803 1674 980 1750; x_wconf 90' lang='lat' dir='ltr'>ecclesiam,</span> <span class='ocrx_word' id='word_1_97' title='bbox 992 1677 1024 1757; x_wconf 91' lang='lat'>(8</span> <span class='ocrx_word' id='word_1_98' title='bbox 1029 1673 1075 1757; x_wconf 76' lang='lat'>5¹³)</span> <span class='ocrx_word' id='word_1_99' title='bbox 1089 1675 1247 1759; x_wconf 87' lang='lat' dir='ltr'>capellam</span> 
     </span>
     <span class='ocr_line' id='line_1_13' title="bbox 110 1771 1246 1857; baseline 0.003 -20"><span class='ocrx_word' id='word_1_100' title='bbox 110 1773 150 1838; x_wconf 89' lang='lat' dir='ltr'>de</span> <span class='ocrx_word' id='word_1_101' title='bbox 173 1774 329 1857; x_wconf 77' lang='lat' dir='ltr'>Fylyuga</span> <span class='ocrx_word' id='word_1_102' title='bbox 352 1781 386 1837; x_wconf 91' lang='lat' dir='ltr'>et</span> <span class='ocrx_word' id='word_1_103' title='bbox 408 1771 548 1855; x_wconf 89' lang='lat' dir='ltr'>capellas</span> <span class='ocrx_word' id='word_1_104' title='bbox 572 1773 741 1855; x_wconf 73' lang='lat' dir='ltr'>predictas</span> <span class='ocrx_word' id='word_1_105' title='bbox 763 1793 782 1837; x_wconf 87' lang='lat' dir='ltr'>a</span> <span class='ocrx_word' id='word_1_106' title='bbox 806 1773 894 1839; x_wconf 89' lang='lat' dir='ltr'>dicta</span> <span class='ocrx_word' id='word_1_107' title='bbox 915 1774 1050 1839; x_wconf 88' lang='lat' dir='ltr'>ecclesia</span> <span class='ocrx_word' id='word_1_108' title='bbox 1072 1775 1109 1841; x_wconf 91' lang='lat' dir='ltr'>B.</span> <span class='ocrx_word' id='word_1_109' title='bbox 1131 1775 1246 1840; x_wconf 73' lang='lat' dir='ltr'>Marisa</span> 
     </span>
     <span class='ocr_line' id='line_1_14' title="bbox 110 1870 1247 1956; baseline 0.003 -20"><span class='ocrx_word' id='word_1_110' title='bbox 110 1872 336 1956; x_wconf 85' lang='lat' dir='ltr'>dependentes,</span> <span class='ocrx_word' id='word_1_111' title='bbox 354 1871 427 1954; x_wconf 89' lang='lat' dir='ltr'>jure</span> <span class='ocrx_word' id='word_1_112' title='bbox 448 1870 711 1935; x_wconf 88' lang='lat' dir='ltr'>Archidiaconali</span> <span class='ocrx_word' id='word_1_113' title='bbox 733 1872 865 1937; x_wconf 88' lang='lat' dir='ltr'>visitare</span> <span class='ocrx_word' id='word_1_114' title='bbox 888 1872 1071 1955; x_wconf 86' lang='lat' dir='ltr'>contigerit,</span> <span class='ocrx_word' id='word_1_115' title='bbox 1092 1873 1247 1940; x_wconf 87' lang='lat' dir='ltr'>solvenda</span> 
     </span>
     <span class='ocr_line' id='line_1_15' title="bbox 109 1969 1246 2057; baseline 0.003 -21"><span class='ocrx_word' id='word_1_116' title='bbox 109 1973 264 2056; x_wconf 87' lang='lat' dir='ltr'>obligatos</span> <span class='ocrx_word' id='word_1_117' title='bbox 274 1975 391 2049; x_wconf 90' lang='lat' dir='ltr'>esse,et</span> <span class='ocrx_word' id='word_1_118' title='bbox 400 1991 457 2055; x_wconf 89' lang='lat' dir='ltr'>per</span> <span class='ocrx_word' id='word_1_119' title='bbox 466 1969 659 2035; x_wconf 90' lang='lat' dir='ltr'>solutionem</span> <span class='ocrx_word' id='word_1_120' title='bbox 668 1971 758 2035; x_wconf 88' lang='lat' dir='ltr'>illius</span> <span class='ocrx_word' id='word_1_121' title='bbox 767 1972 871 2036; x_wconf 78' lang='lat' dir='ltr'>unicae</span> <span class='ocrx_word' id='word_1_122' title='bbox 879 1971 1113 2055; x_wconf 90' lang='lat' dir='ltr'>procurationis</span> <span class='ocrx_word' id='word_1_123' title='bbox 1122 1979 1246 2057; x_wconf 89' lang='lat' dir='ltr'>septem</span> 
     </span>
     <span class='ocr_line' id='line_1_16' title="bbox 109 2069 1248 2156; baseline 0.002 -20"><span class='ocrx_word' id='word_1_124' title='bbox 109 2092 132 2136; x_wconf 92' lang='lat' dir='ltr'>s.</span> <span class='ocrx_word' id='word_1_125' title='bbox 161 2076 193 2136; x_wconf 90' lang='lat' dir='ltr'>et</span> <span class='ocrx_word' id='word_1_126' title='bbox 219 2092 276 2136; x_wconf 86' lang='lat' dir='ltr'>sex</span> <span class='ocrx_word' id='word_1_127' title='bbox 302 2071 505 2135; x_wconf 89' lang='lat' dir='ltr'>denariorum</span> <span class='ocrx_word' id='word_1_128' title='bbox 531 2069 650 2134; x_wconf 89' lang='lat' dir='ltr'>liberos</span> <span class='ocrx_word' id='word_1_129' title='bbox 676 2076 710 2134; x_wconf 92' lang='lat' dir='ltr'>et</span> <span class='ocrx_word' id='word_1_130' title='bbox 733 2071 860 2154; x_wconf 90' lang='lat' dir='ltr'>quietos</span> <span class='ocrx_word' id='word_1_131' title='bbox 885 2071 952 2136; x_wconf 86' lang='lat' dir='ltr'>fore</span> <span class='ocrx_word' id='word_1_132' title='bbox 977 2073 1188 2156; x_wconf 90' lang='lat' dir='ltr'>pronuntiare</span> <span class='ocrx_word' id='word_1_133' title='bbox 1213 2080 1248 2138; x_wconf 87' lang='lat' dir='ltr'>et</span> 
     </span>
     <span class='ocr_line' id='line_1_17' title="bbox 110 2168 1248 2254; baseline 0.002 -20"><span class='ocrx_word' id='word_1_134' title='bbox 110 2169 269 2235; x_wconf 88' lang='lat' dir='ltr'>declarare</span> <span class='ocrx_word' id='word_1_135' title='bbox 280 2189 472 2234; x_wconf 90' lang='lat' dir='ltr'>curaremus.</span> <span class='ocrx_word' id='word_1_136' title='bbox 518 2168 622 2252; x_wconf 87' lang='lat' dir='ltr'>Super</span> <span class='ocrx_word' id='word_1_137' title='bbox 634 2169 753 2252; x_wconf 89' lang='lat' dir='ltr'>quibus</span> <span class='ocrx_word' id='word_1_138' title='bbox 764 2169 937 2253; x_wconf 88' lang='lat' dir='ltr'>propositis</span> <span class='ocrx_word' id='word_1_139' title='bbox 948 2190 1006 2254; x_wconf 90' lang='lat' dir='ltr'>per</span> <span class='ocrx_word' id='word_1_140' title='bbox 1016 2190 1075 2234; x_wconf 92' lang='lat' dir='ltr'>nos</span> <span class='ocrx_word' id='word_1_141' title='bbox 1087 2171 1248 2250; x_wconf 87' lang='lat' dir='ltr'>admissis,</span> 
     </span>
     <span class='ocr_line' id='line_1_18' title="bbox 108 2268 1247 2353; baseline 0.003 -19"><span class='ocrx_word' id='word_1_142' title='bbox 108 2269 272 2353; x_wconf 89' lang='lat' dir='ltr'>productis</span> <span class='ocrx_word' id='word_1_143' title='bbox 287 2269 434 2345; x_wconf 89' lang='lat' dir='ltr'>testibus,</span> <span class='ocrx_word' id='word_1_144' title='bbox 444 2268 562 2351; x_wconf 86' lang='lat' dir='ltr'>juratis</span> <span class='ocrx_word' id='word_1_145' title='bbox 578 2277 612 2332; x_wconf 92' lang='lat' dir='ltr'>et</span> <span class='ocrx_word' id='word_1_146' title='bbox 626 2269 831 2347; x_wconf 86' lang='lat' dir='ltr'>examinatis,</span> <span class='ocrx_word' id='word_1_147' title='bbox 845 2290 882 2334; x_wconf 91' lang='lat' dir='ltr'>ac</span> <span class='ocrx_word' id='word_1_148' title='bbox 897 2270 1064 2336; x_wconf 85' lang='lat' dir='ltr'>nonnullis</span> <span class='ocrx_word' id='word_1_149' title='bbox 1079 2270 1198 2337; x_wconf 89' lang='lat' dir='ltr'>litteris</span> <span class='ocrx_word' id='word_1_150' title='bbox 1213 2281 1247 2337; x_wconf 90' lang='lat' dir='ltr'>et</span> 
     </span>
     <span class='ocr_line' id='line_1_19' title="bbox 107 2368 1246 2455; baseline -0.003 -22"><span class='ocrx_word' id='word_1_151' title='bbox 107 2368 335 2433; x_wconf 87' lang='lat' dir='ltr'>instrumentis</span> <span class='ocrx_word' id='word_1_152' title='bbox 347 2368 521 2432; x_wconf 88' lang='lat' dir='ltr'>autenticis</span> <span class='ocrx_word' id='word_1_153' title='bbox 537 2368 692 2433; x_wconf 82' lang='lat' dir='ltr'>exhibitis</span> <span class='ocrx_word' id='word_1_154' title='bbox 703 2375 737 2433; x_wconf 96' lang='lat' dir='ltr'>et</span> <span class='ocrx_word' id='word_1_155' title='bbox 747 2368 924 2452; x_wconf 90' lang='lat' dir='ltr'>productis,</span> <span class='ocrx_word' id='word_1_156' title='bbox 935 2370 1086 2454; x_wconf 82' lang='lat' dir='ltr'>factaque</span> <span class='ocrx_word' id='word_1_157' title='bbox 1100 2372 1246 2455; x_wconf 76' lang='lat' dir='ltr'>publica÷</span> 
     </span>
     <span class='ocr_line' id='line_1_20' title="bbox 107 2467 1246 2551; baseline 0.004 -21"><span class='ocrx_word' id='word_1_158' title='bbox 107 2467 196 2532; x_wconf 92' lang='lat' dir='ltr'>tione</span> <span class='ocrx_word' id='word_1_159' title='bbox 213 2468 359 2531; x_wconf 92' lang='lat' dir='ltr'>omnium</span> <span class='ocrx_word' id='word_1_160' title='bbox 375 2467 604 2551; x_wconf 90' lang='lat' dir='ltr'>productorum</span> <span class='ocrx_word' id='word_1_161' title='bbox 620 2472 653 2532; x_wconf 92' lang='lat' dir='ltr'>et</span> <span class='ocrx_word' id='word_1_162' title='bbox 668 2467 817 2551; x_wconf 85' lang='lat' dir='ltr'>diligenti</span> <span class='ocrx_word' id='word_1_163' title='bbox 840 2467 1040 2533; x_wconf 88' lang='lat' dir='ltr'>discussione</span> <span class='ocrx_word' id='word_1_164' title='bbox 1062 2471 1246 2549; x_wconf 90' lang='lat' dir='ltr'>earundem,</span> 
     </span>
     <span class='ocr_line' id='line_1_21' title="bbox 108 2567 1246 2650; baseline 0 -18"><span class='ocrx_word' id='word_1_165' title='bbox 108 2588 145 2632; x_wconf 91' lang='lat' dir='ltr'>ac</span> <span class='ocrx_word' id='word_1_166' title='bbox 167 2567 251 2650; x_wconf 88' lang='lat' dir='ltr'>juris</span> <span class='ocrx_word' id='word_1_167' title='bbox 277 2567 389 2631; x_wconf 90' lang='lat' dir='ltr'>ordine</span> <span class='ocrx_word' id='word_1_168' title='bbox 415 2568 473 2650; x_wconf 91' lang='lat' dir='ltr'>qui</span> <span class='ocrx_word' id='word_1_169' title='bbox 498 2567 673 2650; x_wconf 87' lang='lat' dir='ltr'>requiritur</span> <span class='ocrx_word' id='word_1_170' title='bbox 695 2567 731 2630; x_wconf 91' lang='lat' dir='ltr'>in</span> <span class='ocrx_word' id='word_1_171' title='bbox 753 2567 905 2632; x_wconf 86' lang='lat' dir='ltr'>omnibus</span> <span class='ocrx_word' id='word_1_172' title='bbox 928 2569 1096 2633; x_wconf 90' lang='lat' dir='ltr'>observato</span> <span class='ocrx_word' id='word_1_173' title='bbox 1108 2569 1246 2647; x_wconf 84' lang='lat' dir='ltr'>:-Quia</span> 
     </span>
     <span class='ocr_line' id='line_1_22' title="bbox 108 2664 1245 2749; baseline 0.001 -20"><span class='ocrx_word' id='word_1_174' title='bbox 108 2666 293 2729; x_wconf 90' lang='lat' dir='ltr'>invenimus</span> <span class='ocrx_word' id='word_1_175' title='bbox 317 2672 444 2748; x_wconf 89' lang='lat' dir='ltr'>partem</span> <span class='ocrx_word' id='word_1_176' title='bbox 473 2665 636 2729; x_wconf 89' lang='lat' dir='ltr'>dictorum</span> <span class='ocrx_word' id='word_1_177' title='bbox 663 2664 900 2748; x_wconf 85' lang='lat' dir='ltr'>Religiosorum</span> <span class='ocrx_word' id='word_1_178' title='bbox 925 2666 1091 2749; x_wconf 89' lang='lat' dir='ltr'>proposita</span> <span class='ocrx_word' id='word_1_179' title='bbox 1121 2687 1181 2730; x_wconf 89' lang='lat' dir='ltr'>sua</span> <span class='ocrx_word' id='word_1_180' title='bbox 1211 2675 1245 2730; x_wconf 92' lang='lat' dir='ltr'>et</span> 
     </span>
     <span class='ocr_line' id='line_1_23' title="bbox 108 2763 1244 2848; baseline -0.002 -18"><span class='ocrx_word' id='word_1_181' title='bbox 108 2765 247 2830; x_wconf 87' lang='lat' dir='ltr'>deducta</span> <span class='ocrx_word' id='word_1_182' title='bbox 268 2764 464 2828; x_wconf 88' lang='lat' dir='ltr'>sufficienter</span> <span class='ocrx_word' id='word_1_183' title='bbox 482 2769 515 2828; x_wconf 90' lang='lat' dir='ltr'>et</span> <span class='ocrx_word' id='word_1_184' title='bbox 528 2763 672 2848; x_wconf 87' lang='lat' dir='ltr'>legitime</span> <span class='ocrx_word' id='word_1_185' title='bbox 694 2763 889 2846; x_wconf 86' lang='lat' dir='ltr'>probavisse,</span> <span class='ocrx_word' id='word_1_186' title='bbox 903 2763 1034 2830; x_wconf 89' lang='lat' dir='ltr'>unicam</span> <span class='ocrx_word' id='word_1_187' title='bbox 1055 2764 1157 2829; x_wconf 88' lang='lat' dir='ltr'>sclam</span> <span class='ocrx_word' id='word_1_188' title='bbox 1171 2785 1244 2848; x_wconf 92' lang='lat' dir='ltr'>pro-</span> 
     </span>
     <span class='ocr_line' id='line_1_24' title="bbox 107 2861 1244 2947; baseline -0.001 -19"><span class='ocrx_word' id='word_1_189' title='bbox 107 2864 315 2939; x_wconf 90' lang='lat' dir='ltr'>curationem,</span> <span class='ocrx_word' id='word_1_190' title='bbox 330 2863 371 2928; x_wconf 88' lang='lat' dir='ltr'>ad</span> <span class='ocrx_word' id='word_1_191' title='bbox 392 2869 515 2947; x_wconf 88' lang='lat' dir='ltr'>septem</span> <span class='ocrx_word' id='word_1_192' title='bbox 532 2869 606 2928; x_wconf 84' lang='lat' dir='ltr'>set</span> <span class='ocrx_word' id='word_1_193' title='bbox 627 2882 686 2926; x_wconf 85' lang='lat' dir='ltr'>sex</span> <span class='ocrx_word' id='word_1_194' title='bbox 701 2861 730 2927; x_wconf 91' lang='lat' dir='ltr'>d.</span> <span class='ocrx_word' id='word_1_195' title='bbox 746 2883 781 2927; x_wconf 88' lang='lat' dir='ltr'>se</span> <span class='ocrx_word' id='word_1_196' title='bbox 803 2861 1042 2939; x_wconf 86' lang='lat' dir='ltr'>extendentem,</span> <span class='ocrx_word' id='word_1_197' title='bbox 1063 2864 1244 2928; x_wconf 90' lang='lat' dir='ltr'>secuudum</span> 
     </span>
     <span class='ocr_line' id='line_1_25' title="bbox 106 2961 1245 3045; baseline 0.004 -20"><span class='ocrx_word' id='word_1_198' title='bbox 106 2963 244 3025; x_wconf 86' lang='lat' dir='ltr'>formam</span> <span class='ocrx_word' id='word_1_199' title='bbox 252 2962 493 3026; x_wconf 82' lang='lat' dir='ltr'>comtitutionis</span> <span class='ocrx_word' id='word_1_200' title='bbox 502 2962 800 3045; x_wconf 85' lang='lat' dir='ltr'>praedictae,ratione</span> <span class='ocrx_word' id='word_1_201' title='bbox 809 2961 1006 3028; x_wconf 88' lang='lat' dir='ltr'>visitationis</span> <span class='ocrx_word' id='word_1_202' title='bbox 1015 2961 1245 3030; x_wconf 89' lang='lat' dir='ltr'>Archidiaconi</span> 
     </span>
     <span class='ocr_line' id='line_1_26' title="bbox 108 3059 1244 3136; baseline 0.001 -11"><span class='ocrx_word' id='word_1_203' title='bbox 108 3059 329 3136; x_wconf 85' lang='lat' dir='ltr'>Olivelandiae,</span> <span class='ocrx_word' id='word_1_204' title='bbox 344 3061 437 3125; x_wconf 90' lang='lat' dir='ltr'>nobis</span> <span class='ocrx_word' id='word_1_205' title='bbox 459 3065 492 3125; x_wconf 91' lang='lat' dir='ltr'>et</span> <span class='ocrx_word' id='word_1_206' title='bbox 508 3061 747 3127; x_wconf 89' lang='lat' dir='ltr'>successoribus</span> <span class='ocrx_word' id='word_1_207' title='bbox 770 3059 888 3124; x_wconf 89' lang='lat' dir='ltr'>nostris</span> <span class='ocrx_word' id='word_1_208' title='bbox 907 3060 1033 3124; x_wconf 86' lang='lat' dir='ltr'>ratione</span> <span class='ocrx_word' id='word_1_209' title='bbox 1047 3060 1244 3127; x_wconf 88' lang='lat' dir='ltr'>visitationis</span> 
     </span>
     <span class='ocr_line' id='line_1_27' title="bbox 107 3157 1245 3244; baseline 0.002 -23"><span class='ocrx_word' id='word_1_210' title='bbox 107 3158 203 3223; x_wconf 83' lang='lat' dir='ltr'>dictae</span> <span class='ocrx_word' id='word_1_211' title='bbox 232 3158 374 3224; x_wconf 83' lang='lat' dir='ltr'>ecclesiae</span> <span class='ocrx_word' id='word_1_212' title='bbox 400 3161 436 3225; x_wconf 91' lang='lat' dir='ltr'>B.</span> <span class='ocrx_word' id='word_1_213' title='bbox 467 3159 589 3236; x_wconf 86' lang='lat' dir='ltr'>Mariae,</span> <span class='ocrx_word' id='word_1_214' title='bbox 619 3159 815 3242; x_wconf 87' lang='lat' dir='ltr'>capellarum</span> <span class='ocrx_word' id='word_1_215' title='bbox 841 3157 881 3222; x_wconf 90' lang='lat' dir='ltr'>de</span> <span class='ocrx_word' id='word_1_216' title='bbox 910 3157 1066 3242; x_wconf 86' lang='lat' dir='ltr'>Fylynge,</span> <span class='ocrx_word' id='word_1_217' title='bbox 1094 3158 1245 3244; x_wconf 85' lang='lat' dir='ltr'>Asselby,</span> 
     </span>
     <span class='ocr_line' id='line_1_28' title="bbox 109 3256 1244 3343; baseline -0.001 -20"><span class='ocrx_word' id='word_1_218' title='bbox 109 3258 307 3342; x_wconf 84' lang='lat' dir='ltr'>Ugylbardy,</span> <span class='ocrx_word' id='word_1_219' title='bbox 329 3259 477 3343; x_wconf 87' lang='lat' dir='ltr'>Dunsley</span> <span class='ocrx_word' id='word_1_220' title='bbox 500 3267 532 3323; x_wconf 93' lang='lat' dir='ltr'>et</span> <span class='ocrx_word' id='word_1_221' title='bbox 555 3257 796 3342; x_wconf 85' lang='lat' dir='ltr'>Haukysgarth,</span> <span class='ocrx_word' id='word_1_222' title='bbox 818 3257 859 3320; x_wconf 92' lang='lat' dir='ltr'>ab</span> <span class='ocrx_word' id='word_1_223' title='bbox 881 3256 993 3321; x_wconf 90' lang='lat' dir='ltr'>cadem</span> <span class='ocrx_word' id='word_1_224' title='bbox 1024 3256 1166 3321; x_wconf 83' lang='lat' dir='ltr'>ecclesiae</span> <span class='ocrx_word' id='word_1_225' title='bbox 1188 3258 1244 3328; x_wconf 90' lang='lat' dir='ltr'>de-</span> 
     </span>
     <span class='ocr_line' id='line_1_29' title="bbox 107 3341 1244 3442; baseline -0.001 -19"><span class='ocrx_word' id='word_1_226' title='bbox 107 3358 328 3442; x_wconf 90' lang='lat' dir='ltr'>pendentium,</span> <span class='ocrx_word' id='word_1_227' title='bbox 357 3359 474 3435; x_wconf 89' lang='lat' dir='ltr'>deberi,</span> <span class='ocrx_word' id='word_1_228' title='bbox 503 3365 536 3424; x_wconf 89' lang='lat' dir='ltr'>et</span> <span class='ocrx_word' id='word_1_229' title='bbox 565 3359 692 3423; x_wconf 90' lang='lat' dir='ltr'>eosdem</span> <span class='ocrx_word' id='word_1_230' title='bbox 723 3357 901 3441; x_wconf 84' lang='lat' dir='ltr'>Religiosos</span> <span class='ocrx_word' id='word_1_231' title='bbox 931 3356 972 3420; x_wconf 88' lang='lat' dir='ltr'>ad</span> <span class='ocrx_word' id='word_1_232' title='bbox 1001 3357 1155 3440; x_wconf 89' lang='lat' dir='ltr'>majorem</span> <span class='ocrx_word' id='word_1_233' title='bbox 1185 3341 1244 3422; x_wconf 78' lang='lat' dir='ltr'>nes</span> 
     </span>
     <span class='ocr_line' id='line_1_30' title="bbox 107 3455 1244 3541; baseline -0.001 -21"><span class='ocrx_word' id='word_1_234' title='bbox 107 3458 291 3522; x_wconf 89' lang='lat' dir='ltr'>ulteriorem</span> <span class='ocrx_word' id='word_1_235' title='bbox 300 3458 555 3541; x_wconf 88' lang='lat' dir='ltr'>procurationem</span> <span class='ocrx_word' id='word_1_236' title='bbox 565 3457 658 3522; x_wconf 88' lang='lat' dir='ltr'>nobis</span> <span class='ocrx_word' id='word_1_237' title='bbox 666 3476 724 3522; x_wconf 88' lang='lat' dir='ltr'>seu</span> <span class='ocrx_word' id='word_1_238' title='bbox 735 3455 972 3522; x_wconf 87' lang='lat' dir='ltr'>successoribus</span> <span class='ocrx_word' id='word_1_239' title='bbox 983 3455 1111 3531; x_wconf 87' lang='lat' dir='ltr'>nostris,</span> <span class='ocrx_word' id='word_1_240' title='bbox 1119 3456 1244 3526; x_wconf 87' lang='lat' dir='ltr'>ratione</span> 
     </span>
     <span class='ocr_line' id='line_1_31' title="bbox 107 3555 1244 3640; baseline -0.002 -20"><span class='ocrx_word' id='word_1_241' title='bbox 107 3556 301 3621; x_wconf 85' lang='lat' dir='ltr'>visitationis</span> <span class='ocrx_word' id='word_1_242' title='bbox 330 3556 427 3622; x_wconf 82' lang='lat' dir='ltr'>dictae</span> <span class='ocrx_word' id='word_1_243' title='bbox 453 3556 594 3622; x_wconf 78' lang='lat' dir='ltr'>ecclesiae</span> <span class='ocrx_word' id='word_1_244' title='bbox 624 3562 658 3620; x_wconf 91' lang='lat' dir='ltr'>et</span> <span class='ocrx_word' id='word_1_245' title='bbox 687 3556 846 3624; x_wconf 85' lang='lat' dir='ltr'>dictarum</span> <span class='ocrx_word' id='word_1_246' title='bbox 875 3555 1073 3640; x_wconf 89' lang='lat' dir='ltr'>capellarum</span> <span class='ocrx_word' id='word_1_247' title='bbox 1103 3575 1244 3633; x_wconf 86' lang='lat' dir='ltr'>suarum,</span> 
     </span>
     <span class='ocr_line' id='line_1_32' title="bbox 107 3654 1244 3742; baseline -0.005 -21"><span class='ocrx_word' id='word_1_248' title='bbox 107 3658 360 3742; x_wconf 89' lang='lat' dir='ltr'>dependentium</span> <span class='ocrx_word' id='word_1_249' title='bbox 384 3658 426 3721; x_wconf 93' lang='lat' dir='ltr'>ab</span> <span class='ocrx_word' id='word_1_250' title='bbox 452 3657 574 3732; x_wconf 88' lang='lat' dir='ltr'>eadem,</span> <span class='ocrx_word' id='word_1_251' title='bbox 596 3676 661 3719; x_wconf 93' lang='lat' dir='ltr'>non</span> <span class='ocrx_word' id='word_1_252' title='bbox 682 3655 786 3719; x_wconf 85' lang='lat' dir='ltr'>teneri</span> <span class='ocrx_word' id='word_1_253' title='bbox 808 3655 1056 3738; x_wconf 88' lang='lat' dir='ltr'>pronuntiamus</span> <span class='ocrx_word' id='word_1_254' title='bbox 1080 3661 1114 3718; x_wconf 92' lang='lat' dir='ltr'>et</span> <span class='ocrx_word' id='word_1_255' title='bbox 1138 3654 1244 3719; x_wconf 57' lang='lat' dir='ltr'>decla„</span> 
     </span>
     <span class='ocr_line' id='line_1_33' title="bbox 105 3753 1244 3838; baseline -0.004 -18"><span class='ocrx_word' id='word_1_256' title='bbox 105 3778 214 3820; x_wconf 90' lang='lat' dir='ltr'>ramus</span> <span class='ocrx_word' id='word_1_257' title='bbox 237 3757 472 3821; x_wconf 89' lang='lat' dir='ltr'>sententialiter</span> <span class='ocrx_word' id='word_1_258' title='bbox 486 3763 519 3821; x_wconf 93' lang='lat' dir='ltr'>et</span> <span class='ocrx_word' id='word_1_259' title='bbox 541 3755 714 3819; x_wconf 90' lang='lat' dir='ltr'>diffinitive</span> <span class='ocrx_word' id='word_1_260' title='bbox 728 3755 764 3819; x_wconf 91' lang='lat' dir='ltr'>in</span> <span class='ocrx_word' id='word_1_261' title='bbox 779 3754 843 3818; x_wconf 86' lang='lat' dir='ltr'>hiis</span> <span class='ocrx_word' id='word_1_262' title='bbox 865 3755 1002 3838; x_wconf 88' lang='lat' dir='ltr'>scriptis.</span> <span class='ocrx_word' id='word_1_263' title='bbox 1047 3753 1244 3836; x_wconf 83' lang='lat' dir='ltr'>inquorum</span> 
     </span>
     <span class='ocr_line' id='line_1_34' title="bbox 105 3853 1243 3939; baseline -0.004 -19"><span class='ocrx_word' id='word_1_264' title='bbox 105 3856 250 3920; x_wconf 91' lang='lat' dir='ltr'>omnium</span> <span class='ocrx_word' id='word_1_265' title='bbox 261 3862 334 3920; x_wconf 87' lang='lat' dir='ltr'>test.</span> <span class='ocrx_word' id='word_1_266' title='bbox 347 3856 403 3939; x_wconf 85' lang='lat' dir='ltr'>sig.</span> <span class='ocrx_word' id='word_1_267' title='bbox 415 3856 513 3921; x_wconf 88' lang='lat' dir='ltr'>officii</span> <span class='ocrx_word' id='word_1_268' title='bbox 527 3855 630 3918; x_wconf 89' lang='lat' dir='ltr'>nostri</span> <span class='ocrx_word' id='word_1_269' title='bbox 641 3855 854 3938; x_wconf 63' lang='lat' dir='ltr'>praesentibus</span> <span class='ocrx_word' id='word_1_270' title='bbox 865 3854 1082 3937; x_wconf 89' lang='lat' dir='ltr'>apposuimus.</span> <span class='ocrx_word' id='word_1_271' title='bbox 1119 3853 1243 3921; x_wconf 86' lang='lat' dir='ltr'>Datum</span> 
     </span>
     <span class='ocr_line' id='line_1_35' title="bbox 106 3951 1244 4038; baseline -0.004 -20"><span class='ocrx_word' id='word_1_272' title='bbox 106 3955 193 4037; x_wconf 89' lang='lat' dir='ltr'>apud</span> <span class='ocrx_word' id='word_1_273' title='bbox 215 3955 420 4038; x_wconf 85' lang='lat' dir='ltr'>Esyngwald,</span> <span class='ocrx_word' id='word_1_274' title='bbox 433 3962 547 4020; x_wconf 87' lang='lat' dir='ltr'>octavo</span> <span class='ocrx_word' id='word_1_275' title='bbox 569 3955 622 4020; x_wconf 93' lang='lat' dir='ltr'>die</span> <span class='ocrx_word' id='word_1_276' title='bbox 637 3954 759 4019; x_wconf 91' lang='lat' dir='ltr'>mensis</span> <span class='ocrx_word' id='word_1_277' title='bbox 778 3954 936 4032; x_wconf 88' lang='lat' dir='ltr'>Octobris,</span> <span class='ocrx_word' id='word_1_278' title='bbox 949 3954 988 4023; x_wconf 63' lang='lat' dir='ltr'>A</span> <span class='ocrx_word' id='word_1_279' title='bbox 1006 3953 1046 4016; x_wconf 88' lang='lat' dir='ltr'>D.</span> <span class='ocrx_word' id='word_1_280' title='bbox 1070 3951 1244 4015; x_wconf 89' lang='lat' dir='ltr'>millesimo</span> 
     </span>
     <span class='ocr_line' id='line_1_36' title="bbox 106 4054 560 4138; baseline 0.007 -21"><span class='ocrx_word' id='word_1_281' title='bbox 106 4075 160 4118; x_wconf 90' lang='lat' dir='ltr'>ccc</span> <span class='ocrx_word' id='word_1_282' title='bbox 175 4054 442 4138; x_wconf 85' lang='lat' dir='ltr'>quinquagesimo</span> <span class='ocrx_word' id='word_1_283' title='bbox 457 4056 560 4120; x_wconf 84' lang='lat' dir='ltr'>tertio</span> 
     </span>
    </p>

    <p class='ocr_par' dir='ltr' id='par_1_3' title="bbox 105 4187 1242 4330">
     <span class='ocr_line' id='line_1_37' title="bbox 141 4187 1242 4259; baseline -0.005 -16"><span class='ocrx_word' id='word_1_284' title='bbox 141 4189 150 4223; x_wconf 89' lang='lat'>¹</span> <span class='ocrx_word' id='word_1_285' title='bbox 170 4192 218 4243; x_wconf 89' lang='lat' dir='ltr'>See</span> <span class='ocrx_word' id='word_1_286' title='bbox 230 4191 277 4242; x_wconf 90' lang='lat' dir='ltr'>tho</span> <span class='ocrx_word' id='word_1_287' title='bbox 289 4191 377 4242; x_wconf 87' lang='lat' dir='ltr'>clause</span> <span class='ocrx_word' id='word_1_288' title='bbox 395 4192 517 4259; x_wconf 83' lang='lat' dir='ltr'>supplied</span> <span class='ocrx_word' id='word_1_289' title='bbox 529 4192 618 4246; x_wconf 86' lang='lat' dir='ltr'>beiorc</span> <span class='ocrx_word' id='word_1_290' title='bbox 631 4193 687 4246; x_wconf 83' lang='lat' dir='ltr'>this</span> <span class='ocrx_word' id='word_1_291' title='bbox 705 4192 838 4244; x_wconf 81' lang='lat' dir='ltr'>infinitivo</span> <span class='ocrx_word' id='word_1_292' title='bbox 852 4191 878 4242; x_wconf 90' lang='lat' dir='ltr'>in</span> <span class='ocrx_word' id='word_1_293' title='bbox 892 4190 938 4242; x_wconf 92' lang='lat' dir='ltr'>tho</span> <span class='ocrx_word' id='word_1_294' title='bbox 957 4187 1163 4255; x_wconf 84' lang='lat' dir='ltr'>corresponding</span> <span class='ocrx_word' id='word_1_295' title='bbox 1181 4192 1242 4254; x_wconf 81' lang='lat' dir='ltr'>part</span> 
     </span>
     <span class='ocr_line' id='line_1_38' title="bbox 105 4275 428 4330; baseline 0.012 -5"><span class='ocrx_word' id='word_1_296' title='bbox 105 4276 133 4325; x_wconf 81' lang='lat' dir='ltr'>oi</span> <span class='ocrx_word' id='word_1_297' title='bbox 146 4276 192 4327; x_wconf 85' lang='lat' dir='ltr'>tho</span> <span class='ocrx_word' id='word_1_298' title='bbox 204 4275 428 4330; x_wconf 83' lang='lat' dir='ltr'>ncxtdocuurent.</span> 
     </span>
    </p>
   </div>
   <div class='ocr_carea' id='block_1_3' title="bbox 0 0 1462 4986">
    <p class='ocr_par' dir='ltr' id='par_1_4' title="bbox 0 0 1462 4986">
     <span class='ocr_line' id='line_1_39' title="bbox 0 0 1462 4986; baseline 0 1"><span class='ocrx_word' id='word_1_299' title='bbox 0 0 1462 4986; x_wconf 95' lang='lat' dir='ltr'> </span> 
     </span>
    </p>
   </div>
  </div>
 </body>
</html>
