2916 4986
345 513 616 566 CARTULARIUM
636 513 838 566 ABBATHIAE
857 513 904 564 DE
923 513 1108 567 WHITEBY.
1232 505 1290 565 271

156 679 193 742 in
218 677 402 755 donatione,
431 677 651 755 advocatione,
680 683 713 741 66
741 677 777 740 16
806 677 1055 760 praesentatione
1083 676 1225 742 ecclesiae
1255 678 1295 743 de

158 777 317 860 Crosseby
332 776 583 841 Ravenswarthe
605 776 641 840 in
662 776 923 841 Westrnorlanda
944 781 978 842 et
998 777 1034 840 in
1056 776 1129 841 dote
1151 777 1296 861 ejusdem

157 876 307 953 ecclesiae,
330 897 405 941 cum
425 876 631 960 pertinentiis
653 876 719 940 suis
741 874 859 960 [sine]²
881 875 991 959 aliquo
1011 875 1243 955 retinemento;
1264 883 1297 940 et

157 982 264 1039 totum
283 975 338 1058 jus
353 982 387 1039 et
401 974 555 1040 ulamium
570 974 656 1057 quod
679 973 803 1048 habuit,
817 972 871 1039 vel
893 973 1009 1038 habere
1024 973 1140 1057 potuit,
1154 973 1190 1038 in
1204 975 1297 1039 terris

157 1073 344 1151 arabilibus,
358 1074 472 1149 boscis,
486 1074 583 1137 moris
599 1078 632 1136 et
646 1072 796 1156 pasturis,
811 1093 885 1136 cum
900 1073 1204 1157 pertinentiisque
1225 1093 1297 1138 oon-

157 1173 304 1237 tinentur
318 1172 403 1235 inira
417 1171 538 1235 divisas
554 1171 966 1254 subscriptas-scil.,sicut
979 1170 1011 1235 16
1025 1171 1136 1254 Rygge
1151 1170 1297 1236 extendit

159 1271 202 1335 ad
217 1270 451 1335 occidentalem
467 1278 592 1352 partem
605 1269 646 1334 (16
669 1267 848 1334 Botekeld²
870 1269 1038 1334 desursum
1062 1269 1244 1354 Β61166161,8
1265 1277 1299 1335 66

158 1370 236 1434 1616
250 1390 354 1453 usque
369 1369 410 1432 ad
426 1368 613 1444 Helrekeld,
627 1373 661 1432 et
680 1368 756 1432 inde
771 1369 924 1452 usquein
940 1369 1104 1446 Derwent,
1119 1376 1153 1432 et
1171 1370 1218 1434 sio
1239 1390 1297 1453 per

160 1466 351 1533 ascensum*
372 1466 412 1530 de
427 1467 582 1531 Deruent
596 1486 698 1550 usque
713 1466 754 1530 ad
769 1467 873 1550 ipsam
888 1486 1011 1531 sursam
1027 1467 1066 1531 de
1087 1465 1250 1546 Derwent,
1265 1473 1297 1532 et

160 1567 236 1631 inde
261 1587 373 1631 versus
398 1567 556 1630 orientem
578 1565 746 1648 usquead
775 1564 960 1644 Β16(161)66,ὗ
986 1573 1020 1631 66
1043 1566 1090 1631 616
1115 1566 1192 1631 inde
1212 1567 1298 1634 sicut

160 1665 343 1749 Munkesty
366 1670 565 1728 transversat
590 1663 776 1729 Bludebec⁵
801 1670 835 1728 et
857 1663 1003 1728 ascendit
1029 1664 1244 1749 Gateleclyff⁶
1265 1672 1298 1730 et

159 1765 250 1828 vadit
272 1784 375 1847 usque
398 1763 439 1827 ad
469 1762 636 1845 Bradelay‚
658 1768 691 1826 et
714 1762 789 1828 inde
813 1763 980 1828 descendit
1004 1784 1063 1847 per
1086 1765 1237 1829 semitam
1258 1765 1298 1830 de

160 1861 343 1946 Langdale⁷
365 1869 399 1926 et
424 1867 530 1925 totum
560 1860 785 1926 11616611666668
807 1883 910 1945 usque
932 1861 973 1926 ad
995 1861 1182 1927 Kaldkeld⁹
1203 1871 1237 1928 et
1257 1863 1298 1929 (16

161 1958 347 2025 Kaldkeld⁹
368 1980 472 2044 usque
494 1960 535 2024 ad
557 1960 681 2025 iontem
704 1959 744 2024 de
766 1959 955 2044 Η6113666,10
969 1968 1003 2026 66
1029 1967 1135 2026 totum
1157 1962 1299 2047 Haywa·

160 2059 243 2143 clyff
247 2056 273 2098 ¹¹
293 2059 377 2124 sicut
398 2080 432 2124 se
447 2059 593 2124 extendit
615 2065 726 2123 contra
747 2059 939 2143 predictum
960 2060 1087 2145 Rygge:
1109 2061 1297 2126 Tenendum

162 2164 196 2222 et
216 2157 288 2223 hab.
312 2158 474 2242 praedictis
495 2159 618 2222 Abbati
642 2158 810 2236 etConu,
825 2166 858 2223 et
881 2179 992 2224 eorum
1014 2180 1158 2237 success,
1179 2161 1298 2245 imper-

162 2262 315 2340 petuum:
338 2256 429 2321 salva
453 2263 563 2321 tamen
590 2256 695 2321 eidem
718 2255 877 2321 Nioholao
902 2262 936 2321 et
960 2257 1035 2323 haer.
1050 2257 1103 2322 661
1127 2259 1298 2343 assignatis

161 2356 238 2433 suis,
253 2357 397 2439 exceptis
418 2356 492 2420 aliis
514 2356 594 2420 viris
617 2356 795 2440 Religiosis,
810 2361 844 2420 et
865 2357 888 2421 J
889 2356 999 2434 udaeis,
1013 2357 1093 2422 villa
1115 2358 1156 2422 de
1179 2357 1298 2423 Broke-

161 2454 254 2538 666,12
268 2475 340 2519 cum
354 2455 504 2519 omnibus
514 2454 700 2520 hominibus
711 2456 788 2533 suis,
799 2461 831 2520 et
846 2477 920 2521 cum
935 2476 1019 2520 omn
1031 2463 1121 2540 pert,
1133 2457 1298 2522 estoveriis

162 2560 195 2618 66
209 2551 413 2638 com[m]unis
428 2553 463 2616 in
479 2553 592 2629 boscis,
607 2555 705 2618 moris
727 2562 762 2618 et
783 2555 923 2638 pasturis
944 2555 1029 2619 infra
1050 2556 1146 2639 praed.
1169 2556 1299 2633 divisas,

160 2660 194 2717 et
208 2653 286 2716 alibi
300 2653 358 2717 ubi
372 2653 441 2736 ipsc
452 2659 487 2717 66
500 2659 715 2718 antecessores
730 2654 782 2718 sui
793 2661 827 2718 66
841 2653 986 2718 homines
998 2675 1109 2718 eorum
1120 2656 1299 2719 communi·

161 2773 232 2817 care
246 2753 394 2817 solebant
406 2752 504 2816 :-ita
518 2752 597 2829 scii,
612 2751 699 2836 quod
720 2753 789 2837 ipse
812 2760 846 2816 66
866 2752 941 2817 haer.
966 2750 1072 2838 (rori)
1096 2754 1157 2830 sui,
1171 2754 1225 2818 vel
1247 2755 1298 2819 sui

161 2852 325 2935 assignati,
348 2857 382 2915 et
404 2850 551 2916 homines
576 2852 630 2916 sui
655 2853 691 2915 16
720 2851 833 2916 eadem
862 2851 942 2914 61116
967 2859 1144 2928 manentes,
1168 2853 1299 2935 capiant

162 2949 320 3013 estoveria
342 2969 400 3012 sua
422 2949 462 3013 de
476 2949 575 3014 viridi
588 2951 684 3015 bosco
706 2955 741 3016 et
761 2951 846 3015 sicco
869 2955 977 3015 stante
998 2971 1055 3034 per
1075 2950 1298 3017 liberationem

164 3047 402 3110 forestariorum
427 3047 505 3110 D'ni
533 3048 675 3125 abbatis,
701 3049 771 3113 sine
800 3047 1052 3113 contradictione
1076 3048 1219 3131 ipsorum
1242 3070 1299 3116 seu

163 3145 300 3209 aliorum
315 3146 535 3211 ministrorum
551 3147 630 3212 dicti
644 3149 793 3225 Abbatis,
807 3147 1084 3231 quotienscunque
1099 3168 1179 3232 opus
1193 3149 1300 3230 fuerit,

164 3244 235 3308 6166
263 3244 417 3309 dilatione
442 3246 496 3309 661
520 3246 761 3331 impedimento.
804 3248 855 3311 De
881 3246 979 3330 lignis
1005 3251 1114 3310 autem
1140 3247 1232 3311 siccis
1258 3248 1298 3312 ad

165 3349 281 3407 terram
296 3344 472 3426 prostratis,
487 3351 520 3410 et
541 3345 582 3409 (16
603 3346 746 3410 turbario
771 3344 830 3429 [et]
854 3344 982 3409 bruerio
997 3346 1127 3428 capiant
1142 3347 1300 3412 estoveria

166 3461 224 3505 sua
238 3442 308 3507 sine
322 3442 512 3507 liberatione
527 3451 561 3508 et
574 3444 657 3522 visu,
672 3445 794 3527 absque
816 3444 1047 3527 impedimento
1068 3444 1215 3529 aiicujus,
1229 3446 1299 3510 sine

164 3540 360 3619 venditione,
400 3543 581 3620 donatione,
618 3541 749 3608 vastu¹⁸
785 3543 838 3607 vel
882 3543 987 3621 exilio,
1024 3545 1300 3628 quotienscunque

164 3659 292 3704 necesse
318 3640 418 3705 fuerit
443 3642 474 3706 61
497 3641 551 3705 661
577 3641 651 3705 haer.
666 3641 720 3705 661
743 3641 914 3724 assignatis
938 3642 1015 3719 suis,
1035 3663 1092 3707 seu
1114 3643 1300 3708 hominibus

164 3738 230 3802 suis
253 3739 294 3802 (16
316 3738 496 3822 Broksay,¹²
517 3739 607 3803 salvo
629 3741 727 3804 etiam
750 3741 780 3804 ei
803 3747 836 3804 et
857 3739 932 3805 haer.
955 3741 1031 3818 suis,
1046 3742 1098 3806 661
1122 3743 1300 3825 assignatis,

165 3838 324 3920 pannagio
347 3838 386 3902 de
408 3839 546 3921 propriis
567 3839 673 3922 porcis
696 3845 729 3903 et
750 3839 790 3903 dc
805 3840 909 3922 porcis
924 3839 1092 3903 hominum
1108 3861 1237 3904 suorum
1260 3840 1299 3904 de

213 3957 221 3991 ¹
242 3959 278 4010 M.
293 3961 373 4010 omits
384 3963 444 4022 suia,
458 3962 511 4011 and
522 3962 620 4013 inserts
632 3965 692 4016 6166.
901 3961 912 3994 ²
930 3964 967 4013 M.
981 3963 1122 4014 Butekeld.

212 4039 224 4074 ³
242 4043 279 4093 M.
296 4042 425 4093 billcclif'.
902 4043 912 4078 ⁴
930 4061 1066 4096 amaneum.

213 4122 224 4158 ⁶
243 4125 279 4176 M.
294 4124 437 4187 Blodebels,
451 4125 596 4193 Blodybelu
902 4124 913 4159 ⁰
933 4128 969 4179 M.
982 4127 1158 4191 Gaitelayclii.

212 4204 224 4240 ²
243 4206 282 4258 M.
296 4207 450 4274 Langedale.
903 4206 913 4240 ⁸
933 4210 970 4260 Μ.
984 4208 1157 4260 Ruletwhait.

213 4287 225 4321 ⁹
242 4291 280 4341 M.
294 4290 432 4351 Caldkeld,
447 4290 597 4343 Caldekeld
893 4290 915 4324 ¹⁰
933 4291 970 4342 M.
985 4290 1100 4357 Holgat’.

203 4370 222 4404 ¹¹
242 4372 280 4424 M.
295 4372 472 4439 Haywayclii.
893 4370 913 4405 ¹²
934 4374 970 4424 M.
984 4373 1127 4438 Brolrasoy,
1139 4374 1279 4440 Brokesay.

204 4453 224 4487 ¹³
244 4455 279 4506 M.
296 4461 379 4507 vasto.
