2916 4986
256 521 528 574 GARTULARIUM
545 521 751 574 ABBATHIAE
769 522 818 574 DE
834 523 1021 576 WHITEBY.
1149 515 1210 575 315

72 685 242 750 hareditas
257 686 394 750 Ricardo
409 687 501 750 fratri
515 707 584 764 suo,
595 695 629 752 et
643 687 763 751 haeredi
777 687 921 771 ejusdem
936 688 1052 768 Alani3
1067 695 1101 753 et
1115 690 1213 775 praed.

72 785 229 849 Ricardus
254 785 338 847 nihil
360 785 451 849 dedit
477 806 535 850 neo
562 787 771 851 confirmavit.
815 788 859 851 Et
884 788 924 851 de
953 788 1049 870 praed.
1076 790 1213 854 Ricardo

72 885 226 966 processit
241 884 425 949 Willelmus
441 885 481 948 de
501 885 613 968 Percy,
627 887 685 968 qui
699 885 832 969 quidem
846 886 1032 950 Willelmus
1047 887 1088 952 de
1102 888 1213 972 Percy,

74 983 160 1046 filius
183 983 322 1059 Ricardi,
337 983 488 1047 fundavit
509 983 644 1047 domum
659 984 698 1048 de
721 984 1057 1051 Grenedall'1-nunc
1078 992 1214 1051 vocetur

75 1083 307 1146 Handail'—in
320 1083 440 1147 honore
456 1084 490 1147 Β.
508 1084 621 1147 Mariae
636 1084 790 1167 Virginis,
806 1090 949 1167 tempore
965 1086 1100 1151 Henrici
1116 1088 1213 1171 Regis

73 1182 209 1265 Angliae,
223 1182 285 1245 filii
299 1182 459 1247 Willelmi
474 1183 711 1266 Conquestoris,
720 1185 760 1247 A.
776 1185 817 1249 D.
834 1185 1014 1262 millesimo,
1030 1187 1213 1263 centesimo,

73 1281 235 1344 tricesimo
264 1281 369 1358 tertio,
394 1301 452 1365 per
477 1289 599 1345 cartam
629 1303 729 1348 suam.
775 1284 818 1346 Et
849 1283 933 1347 idem
959 1284 1143 1349 Willelmus
1173 1286 1214 1349 de

75 1380 176 1463 Percy
192 1381 282 1445 dedit
295 1381 362 1445 illis
376 1382 570 1446 monialibus
586 1382 667 1446 duas
682 1384 781 1447 toftas
802 1383 837 1446 in
853 1383 975 1467 campis
991 1383 1030 1446 de
1045 1384 1215 1467 Dunoeley

76 1500 171 1562 super
199 1500 294 1556 mare,
323 1501 423 1545 unam
452 1481 576 1546 scilicet
604 1481 764 1545 Willelmi
793 1482 855 1545 filii
883 1483 1028 1558 Ermoth,
1054 1489 1087 1546 et
1116 1482 1214 1547 aliam

76 1579 248 1655 Aldewini,
263 1587 296 1644 et
311 1580 390 1645 alibi
414 1581 451 1644 in
475 1581 597 1664 campis
623 1580 664 1645 de
690 1580 961 1646 Staxtona—scil
987 1582 1023 1644 in
1048 1581 1214 1665 Depedsle

76 1678 185 1742 decem
207 1700 295 1743 acras
317 1680 384 1743 t’rae
399 1679 438 1743 da
453 1680 520 1743 auis
536 1680 716 1757 dominicis,
731 1685 763 1744 at
785 1686 951 1764 pasturam
972 1688 1072 1746 comun
1095 1682 1214 1758 ovium,

75 1778 160 1843 siout
181 1779 216 1841 in
240 1780 362 1862 campis
385 1779 425 1844 de
449 1779 639 1856 Grenedall',
659 1785 693 1844 et
715 1780 750 1842 in
772 1780 895 1864 campis
917 1780 957 1844 de
978 1780 1157 1864 Dunceley,
1178 1781 1214 1843 in

75 1899 160 1962 perp.
177 1879 392 1943 elemosinam.

120 1979 163 2041 Et
184 1978 270 2041 idern
288 1978 474 2043 Willelmus
498 1978 538 2042 de
554 1980 665 2062 Percy,
680 1978 768 2042 filius
790 1978 920 2043 Ricardi
936 1978 976 2043 de
998 1980 1109 2063 Peroy,
1125 1979 1216 2044 dedit

78 2077 246 2141 Monachis
262 2078 301 2141 de
316 2078 488 2161 Whitteby
502 2078 539 2141 iii
555 2078 688 2142 bovatas
706 2079 773 2142 t'rae
787 2078 824 2140 in
837 2078 1008 2162 Dunceley
1023 2085 1056 2143 et
1070 2079 1216 2162 quinque

77 2178 175 2241 tortas
190 2198 246 2260 per
260 2197 286 2241 o.
302 2198 394 2241 suam
409 2178 443 2241 iu
459 2178 528 2242 haeo
542 2177 647 2242 verba.

122 2277 279 2438 (plmlnibus
296 2278 326 2341 S.
339 2277 455 2341 Matris
471 2276 555 2342 Eccl
571 2276 657 2354 filiis,
667 2281 736 2340 tam
750 2276 870 2341 futuris
882 2297 980 2360 quam
995 2277 1217 2362 praesentibus,

77 2375 132 2438 Wi
160 2396 270 2439 emus.

114 2460 201 2558 [Tra
227 2496 301 2558 copy
315 2475 422 2538 aeae
436 2475 483 2558 off
499 2475 568 2537 herc
583 2482 617 2538 at
632 2475 681 2538 tte
703 2475 814 2539 holtem
829 2477 868 2559 os
880 2477 910 2558 fi
930 2465 1015 2541 1291).
1063 2475 1126 2539 The
1144 2482 1216 2540 aaut

72 2594 160 2656 Pate,
175 2596 211 2637 0?
225 2575 360 2657 sOIits·
380 2579 449 2651 130,
465 2575 494 2637 is
508 2575 612 2651 blank,
627 2576 681 2638 but
695 2596 735 2637 oa
750 2575 973 2657 darsumas.
992 2573 1078 2651 130b,
1093 2575 1142 2638 the
1149 2575 1216 2659 fol·
1257 2600 1260 2605 ·

78 2673 191 2757 imoiay
205 2675 366 2737 detractent
384 2674 486 2756 hspite
497 2674 565 2756 :—]

418 2821 673 2887 ccoaxxvn.
700 2821 764 2901 <uo
780 2820 874 2903 trae.)

126 2933 228 3017 (130b)
247 2934 288 2997 In
300 2934 363 2997 Dei
375 2934 512 2997 nomine.
546 2935 661 2998 Amen.
696 2934 758 2998 Per
769 2953 909 3017 praesens
920 2932 1088 3016 publicum
1097 2933 1216 2996 instru-

80 3039 227 3096 mentum
238 3038 365 3097 constet
376 3032 526 3096 omnibus
548 3032 719 3097 manifeste
735 3032 821 3116 quod
837 3052 921 3096 anno
936 3031 976 3095 ab
992 3032 1217 3096 Incsrnatione

80 3132 223 3208 Domini,
238 3132 417 3197 secundum
432 3153 563 3196 cursum
579 3139 613 3196 et
627 3132 901 3217 computationem
916 3132 1001 3195 Eccl.
1018 3131 1219 3216 Anglicsnae,

80 3231 251 3295 millesimo
262 3230 485 3296 trecentesimo
497 3233 702 3316 nonogesimo
714 3232 818 3308 tertio,
831 3231 1006 3295 indictione
1018 3230 1122 3314 prima
1133 3231 1217 3295 Pon·

81 3329 176 3393 tifiois
189 3330 384 3395 sanctissimi
399 3331 435 3393 in
448 3330 576 3395 Christo
592 3333 693 3415 patris
705 3338 738 3395 et
752 3330 818 3394 d'ni
828 3330 938 3406 nostri,
949 3330 1028 3393 D'ni
1043 3330 1218 3407 Bonefacii,

81 3429 121 3492 D.
137 3430 171 3492 P.
188 3430 284 3511 Papae
307 3430 393 3505 noni,
413 3450 499 3492 auno
522 3436 646 3513 quarto,
660 3429 781 3494 mensis
804 3428 1001 3512 Septembris
1022 3429 1075 3494 die
1094 3435 1218 3512 quarta,

81 3549 184 3605 mane,
196 3528 252 3590 diu
267 3535 343 3593 ante
357 3549 543 3612 processum
558 3529 663 3593 fuerat
678 3528 718 3592 ad
741 3525 950 3593 electionem²
965 3526 1103 3593 Abbatis
1122 3529 1218 3592 Mon·

116 3651 126 3684 ¹
145 3653 173 3703 lt
185 3653 271 3719 might
288 3652 321 3703 be
339 3653 436 3704 almost
453 3653 591 3714 surmised,
606 3653 674 3704 from
692 3653 738 3704 the
756 3653 964 3704 misstetements
981 3653 1039 3718 just
1056 3653 1145 3715 noted,
1158 3652 1220 3704 thet

80 3735 198 3802 possibly
209 3735 255 3786 the
268 3736 358 3786 writer
369 3736 397 3786 of
412 3736 468 3787 this
480 3737 623 3786 document
634 3736 687 3786 had
699 3736 864 3787 ooniounded
875 3735 994 3786 William
1013 3734 1046 3786 de
1064 3735 1156 3800 Percy,
1170 3752 1219 3786 son

81 3819 109 3869 oi
131 3818 246 3868 Richard
259 3819 287 3868 oi
305 3819 432 3884 Dunsley,
448 3819 515 3869 with
528 3818 648 3869 William
666 3834 714 3869 sou
726 3819 754 3868 oi
774 3818 852 3880 Alan,
867 3819 920 3868 end
940 3817 1003 3869 that
1023 3817 1069 3868 the
1082 3817 1220 3867 confusion

80 3901 137 3951 still
149 3902 250 3951 existed
263 3901 341 3951 when
358 3902 392 3951 he
409 3902 515 3966 penned
535 3901 590 3951 this
611 3905 742 3962 sentence,
759 3917 827 3951 were
848 3901 871 3950 it
891 3904 940 3950 not
957 3901 1018 3950 that
1036 3899 1111 3950 there
1123 3899 1146 3948 is
1158 3915 1219 3948 con-

81 3984 214 4035 firmation
236 3985 304 4034 from
325 3984 402 4035 other
422 4000 527 4035 sources
547 3984 609 4035 that
627 3984 753 4046 William,
774 4000 821 4033 son
843 3983 871 4032 oi
894 3982 1011 4033 Richard
1031 3982 1064 4031 de
1084 3981 1167 4047 Percy
1186 3981 1220 4031 de

81 4068 209 4132 Dunsley,
225 4069 308 4134 really
316 4085 371 4118 was
383 4068 430 4117 the
442 4067 555 4118 founder
563 4068 592 4117 of
603 4067 732 4118 Headale.
769 4066 797 4117 It
809 4082 871 4130 may
880 4066 936 4116 also
948 4065 981 4115 ba
994 4064 1120 4130 specially
1131 4064 1219 4125 noted,

80 4167 109 4201 ss
122 4151 230 4216 implied
249 4151 276 4200 in
295 4151 341 4201 the
360 4155 438 4215 entry
450 4150 503 4201 last
516 4151 622 4216 quoted,
636 4150 698 4200 that
712 4150 834 4210 sturton,
848 4165 877 4198 as
890 4149 950 4198 well
967 4165 997 4198 as
1014 4148 1142 4212 Dunsley‚
1154 4147 1220 4198 both

81 4236 176 4285 named
189 4235 216 4284 in
229 4235 276 4285 the
288 4238 354 4284 nest
365 4239 497 4296 sentence,
510 4250 580 4284 were
592 4233 663 4284 alike
675 4233 703 4283 in
715 4233 761 4282 the
774 4232 816 4282 foe
829 4232 857 4281 oi
868 4231 915 4282 tho
929 4231 1047 4295 Dunsley
1061 4229 1171 4281 Peroies.

117 4316 128 4350 ²
145 4319 201 4368 The
214 4318 307 4368 Abhot
319 4318 372 4367 last
383 4317 511 4367 deceased
519 4333 574 4367 was
586 4316 658 4367 John
672 4316 704 4366 de
716 4313 873 4365 Richmond,
910 4315 954 4364 He
965 4330 1021 4364 was
1033 4313 1176 4364 succeeded
1184 4313 1221 4378 by

82 4402 162 4452 Peter
174 4403 207 4452 do
217 4401 367 4466 Hertilpole
376 4399 482 4462 (named
490 4416 520 4449 as
528 4399 627 4449 Bursar
635 4399 664 4449 in
672 4399 720 4450 the
727 4401 836 4464 present
843 4396 929 4460 daed),
938 4397 1027 4448 whose
1035 4396 1219 4462 incumbency,

82 4502 111 4534 as
124 4485 179 4535 will
191 4485 224 4535 be
237 4502 300 4536 seen
312 4485 380 4534 irom
392 4484 439 4534 the
451 4485 517 4533 next
526 4481 676 4545 document,
688 4497 743 4533 was
751 4497 816 4545 very
826 4480 895 4531 brief
905 4479 1009 4531 indeed.
1047 4480 1089 4530 He
1101 4479 1162 4530 died
1174 4480 1221 4531 the
