2916 4986
163 524 225 582 332
346 534 615 587 CARTULARIUM
634 534 840 586 ABBATHIAE
858 534 907 585 DE
926 534 1126 586 WHITEBY.

162 698 383 763 -Ecolesiam
406 701 499 764 Omn.
523 701 629 764 Sanot.
653 701 692 765 de
715 699 927 784 Fischergate,
951 720 1032 764 cum
1055 699 1214 763 omnibns
1233 704 1304 782 pert

161 798 237 873 suis,
264 819 361 880 quam
388 799 518 863 dederat
545 800 670 864 Serloni
700 801 802 863 Priori
828 805 861 863 et
888 799 1017 863 Mon'io
1044 799 1087 863 de
1115 799 1305 882 Whitbyin

161 896 368 960 elemosinam
389 897 595 981 perpetuam.¹
641 900 691 961 Ex
712 900 795 963 dono
818 899 955 961 Domini
975 898 1169 983 Gernegote
1191 899 1306 982 [atoma

161 996 199 1058 in
214 997 262 1058 tte
277 997 452 1073 Memorml,
467 1018 519 1080 pp.
537 1003 566 1075 5,
583 998 623 1083 6].

467 1160 717 1225 CCCLXXXV.
741 1161 804 1242 (No
818 1159 979 1245 heading.)

204 1295 389 1373 Henrious,2
410 1297 479 1360 Rex
498 1297 621 1380 Angliae
637 1303 669 1360 et
684 1297 762 1360 Dux
784 1296 993 1360 Narmanniae
1008 1304 1043 1362 et
1062 1299 1265 1382 Aquitaniae,
1277 1309 1307 1364 et

162 1395 277 1460 Comes
296 1395 502 1479 Andagaviae,
515 1396 703 1479 Archiep'is,
714 1397 811 1478 Ep’is,
825 1395 918 1471 Abb.,
934 1396 1048 1473 Prion,
1065 1398 1171 1475 Com„
1188 1400 1308 1473 Barna,

162 1494 477 1569 Justio.,viceco1n.,
505 1494 674 1569 Ministris,
701 1494 883 1578 Praepositis
910 1499 943 1557 et
973 1496 1132 1561 omnibus
1160 1497 1307 1561 fidelibus

162 1593 238 1669 suis,
260 1594 390 1657 Francis
413 1599 446 1656 et
463 1593 587 1676 Anglis,
602 1592 748 1657 salutem.
793 1593 909 1657 Sciatis
932 1614 984 1657 me
1006 1615 1154 1660 concess.
1172 1607 1206 1661 et
1229 1598 1307 1661 conf.

161 1692 248 1775 regia
259 1692 448 1756 auctoritate
463 1692 533 1755 Deo
555 1697 588 1754 et
613 1691 764 1756 Ecclesiae
779 1693 809 1757 S.
826 1693 860 1756 P.
876 1698 910 1755 et
924 1692 955 1756 S.
972 1693 1086 1757 Hildae
1101 1695 1147 1759 de
1162 1696 1309 1780 Whitby,

162 1797 195 1855 et
213 1791 334 1854 Abbati
356 1790 585 1873 monachisque
607 1791 653 1853 ibi
675 1791 745 1854 Deo
768 1811 857 1868 serv,
877 1791 1094 1875 omnibusque
1119 1794 1308 1860 hominibus

161 1889 265 1954 eidem
294 1890 379 1954 Eocl.
402 1890 646 1972 pertinentibus,
667 1910 778 1954 omnes
800 1890 964 1954 libertates
990 1897 1024 1954 et
1051 1894 1308 1958 consuetudines

161 2011 241 2074 quas
264 1989 361 2053 habet
376 1990 460 2053 Eccl.
477 1989 506 2052 S.
521 1988 544 2052 J
545 1988 681 2053 ohannis
702 1989 741 2052 de
762 1989 928 2053 Beverlaia
949 1997 982 2052 et
1004 1989 1092 2054 Ecol
1110 1992 1145 2056 S.
1163 1993 1308 2057 Wilfridi

162 2089 202 2153 de
219 2090 327 2172 Ripun
342 2089 377 2150 in
392 2089 484 2152 terris
499 2096 532 2152 et
547 2087 733 2151 hominibus
744 2088 819 2151 suis.
864 2088 907 2150 Et
921 2089 1098 2171 praeterea⁸
1114 2093 1263 2156 concedo
1277 2099 1308 2156 et

160 2191 313 2253 confirmo
328 2188 422 2271 praed.
439 2188 523 2252 Eool.
540 2188 579 2251 de
594 2188 732 2271 Whitby
746 2188 781 2250 in
796 2188 888 2251 Ebor.
905 2187 980 2251 eccl
997 2188 1093 2252 Omn.
1111 2191 1308 2256 Sanctomm

161 2286 201 2349 de
216 2285 427 2367 Fischergate,
443 2305 516 2347 cum
539 2291 616 2367 pert.
633 2287 720 2365 suis;
743 2293 775 2349 et
794 2306 903 2349 omnes
923 2291 1023 2350 terras
1047 2295 1082 2350 et
1104 2288 1261 2356 homines
1275 2292 1308 2355 in

160 2384 271 2448 eadem
295 2382 446 2445 civitate*
464 2383 548 2446 Eool.
565 2383 594 2446 S.
612 2384 646 2446 P.
663 2391 696 2448 et
712 2385 742 2448 S.
758 2384 867 2447 Hildae
882 2384 922 2448 de
938 2385 1077 2469 Whitby
1093 2391 1309 2470 pertinentes,

160 2503 235 2547 cum
261 2502 334 2545 soca
361 2488 393 2545 et
419 2501 500 2556 saca,
523 2487 556 2544 et
581 2482 628 2545 tol
655 2490 688 2546 et
713 2484 831 2560 theam,
853 2491 886 2547 et
909 2484 1149 2567 infangnethef,
1175 2496 1210 2553 et
1236 2511 1308 2554 cum

160 2581 309 2644 omnibus
332 2579 533 2643 libertatibus
560 2585 592 2642 et
618 2583 905 2645 consuetudinibus
923 2602 1004 2664 quas
1030 2581 1160 2648 habent
1188 2589 1257 2653 t'rae
1279 2596 1310 2653 et

159 2681 306 2745 homines
322 2680 352 2744 S.
369 2680 457 2743 Petri
478 2686 511 2744 et
531 2678 562 2743 S.
579 2679 727 2745 Outberti
748 2682 780 2744 in
797 2681 909 2745 eadem
924 2680 1056 2745 civitate
1079 2685 1309 2765 consistentes,

158 2780 194 2844 iu
209 2780 389 2844 dominium
405 2799 508 2844 suum.

493 2939 764 3005 COOLXXXVI.
790 2941 854 3025 (No
868 2942 963 3024 title.)

202 3078 361 3143 Omnibus
380 3077 441 3140 hoc
463 3076 620 3160 scriptum
634 3077 752 3142 visuris
767 3077 819 3142 vel
834 3079 994 3142 audituris
1016 3079 1198 3161 Robertus‚
1214 3087 1257 3153 D.
1273 3089 1311 3152 G.

158 3177 269 3241 Abbas
300 3177 340 3240 de
366 3176 514 3259 Whitby,
544 3181 577 3240 et
606 3176 750 3260 ejusdem
779 3177 843 3241 loci
873 3178 1069 3256 Conventus,
1097 3181 1248 3251 salutem
1278 3189 1313 3251 in

157 3276 307 3340 Domino,
352 3276 489 3339 Noverit
503 3275 589 3339 univ.
607 3275 680 3360 [ctc.,
695 3297 731 3338 aa
745 3275 782 3338 in
796 3276 854 3341 No.
872 3276 981 3362 294]ὅ

484 3447 769 3512 ooonxxxvn.
795 3449 859 3530 (No
874 3449 968 3531 title.)

202 3585 282 3647 Haeo
297 3583 470 3646 indentura
485 3590 622 3649 testatur
632 3586 718 3668 quod
734 3585 834 3671 [oum]
850 3587 961 3651 Abbas
977 3594 1009 3651 et
1024 3588 1127 3654 Conv.
1140 3591 1186 3657 de
1203 3595 1313 3660 Melsa

157 3684 298 3748 habeant
328 3687 361 3746 et
390 3688 522 3745 teneant
551 3683 591 3747 de
616 3684 745 3749 Abbate
775 3692 808 3748 et
839 3685 937 3750 Conv.
968 3686 1007 3748 de
1033 3686 1180 3774 Whitby
1204 3715 1311 3758 unum

193 3821 203 3855 ¹
221 3821 341 3872 Tharais
354 3820 416 3870 hera
429 3836 461 3870 an
475 3819 607 3880 omission,
620 3821 667 3872 tho
679 3822 777 3888 special
792 3826 807 3850 ‘⁸
817 3824 905 3889 pactio
915 3824 930 3846 ”
949 3824 1044 3875 named
1057 3825 1085 3874 iu
1099 3826 1150 3877 tha
1163 3827 1312 3883 Memoiizl

156 3905 227 3957 alter
239 3906 285 3956 tho
297 3906 442 3956 statement
454 3903 482 3954 of
495 3903 541 3955 the
554 3904 607 3970 gilt
619 3908 668 3954 not
679 3905 759 3971 being
772 3906 860 3956 noted

192 3985 204 4020 ¹
221 3988 285 4038 This
297 3987 486 4048 confirmation,
500 4002 529 4036 so
541 3987 583 4036 lar
594 4002 624 4036 aa
637 3987 659 4037 it
670 4002 739 4054 goes,
752 3987 815 4038 does
827 3993 876 4039 not
888 3988 1004 4040 coincide
1016 3989 1082 4040 with
1096 4005 1151 4057 any
1160 3997 1312 4049 conhined

157 4071 185 4121 in
197 4071 282 4122 either
294 4069 327 4124 A.
341 4087 370 4121 or
382 4071 429 4133 M,
442 4070 568 4120 norwith
582 4086 635 4135 any
646 4069 728 4120 noted
745 4071 772 4120 in
792 4071 839 4121 tha
852 4073 957 4123 venons
975 4072 1177 4127 confirmations
1196 4081 1311 4145 printed

157 4152 242 4204 below
256 4153 327 4216 (Nos.
342 4155 402 4215 581,
416 4155 476 4216 583,
489 4157 558 4217 eta).
597 4153 624 4204 lt
637 4169 699 4217 may
710 4152 743 4204 be
755 4169 772 4204 ι
783 4154 967 4207 confirmation
979 4154 1016 4221 by
1028 4155 1123 4222 Hem-y
1136 4172 1182 4211 m.

193 4234 204 4268 ³
222 4240 341 4300 pretoria.
938 4236 949 4270 ⁴
965 4240 993 4287 in
1005 4239 1112 4289 eoadem
1124 4242 1274 4299 ciuitatem

192 4316 204 4350 ⁸
222 4320 261 4371 At
271 4320 318 4370 the
330 4319 381 4370 end
393 4319 421 4370 of
432 4319 488 4371 this
500 4336 566 4386 copy
579 4318 607 4370 ol
618 4319 667 4370 No.
682 4320 734 4371 294
747 4318 769 4370 is
783 4319 866 4370 found
878 4320 925 4372 tbs
938 4321 1074 4389 following
1086 4327 1151 4375 note
1165 4326 1195 4377 in
1207 4345 1226 4378 ι
1240 4331 1312 4383 later

189 4400 229 4451 nd
240 4405 300 4453 :—“
309 4402 350 4467 By
362 4400 417 4453 this
430 4418 493 4452 ouer
510 4401 645 4468 enydenoe
657 4402 680 4453 it
692 4402 836 4470 appeareth
848 4404 903 4455 this
914 4405 988 4456 saida
1005 4405 1075 4457 close
1087 4406 1203 4476 langeth
1217 4418 1250 4466 to
1263 4415 1312 4468 the

189 4479 249 4532 bbot
260 4482 288 4533 oi
300 4481 421 4548 Whitby,
436 4482 488 4533 and
501 4483 579 4551 nogh'
589 4483 603 4509 '³
