2916 4986
281 533 553 588 GAETULARIUM
570 533 772 585 ABBATHIAE
790 533 840 584 ΒΕ
857 531 1046 584 wfllrnBY.
1171 521 1233 581 333

98 699 323 783 messuaginm,
334 719 408 764 cum
423 697 638 782 pertinentiis,
644 698 756 781 jacens
767 698 803 761 in
814 697 969 762 suburbio
979 695 1130 763 Civitatis
1141 696 1235 760 Ebor.

97 799 132 860 in
153 799 226 863 vico
247 803 360 862 vocato
386 796 589 882 Fischergate
610 797 707 880 juxta
733 797 901 862 ecclesiam
928 797 1022 861 Omn.
1045 795 1236 860 Sanctorum
1320 858 1324 865 ,

98 897 171 980 [ctc.,
185 919 223 962 as
240 901 277 961 io
291 897 349 962 No.
368 897 454 981 293}

409 1095 718 1161 OOCLXXXVIII.
744 1095 808 1178 (No
823 1094 920 1177 title.)

141 1250 266 1312 Notum
287 1248 331 1313 sit
352 1247 501 1312 omnibus
518 1247 560 1312 ad
574 1268 655 1332 quos
677 1247 738 1312 hoc
760 1248 917 1332 scriptum
939 1247 1130 1331 pervenerit,
1144 1268 1235 1331 prees.

98 1352 132 1411 et
157 1348 226 1425 lut,
248 1347 295 1411 ita
319 1348 506 1412 convenisse
530 1348 616 1411 inter
641 1346 802 1430 P[etrum]
829 1346 990 1410 Abbatem
1018 1352 1051 1410 et
1073 1346 1172 1411 Oonv.
1195 1347 1236 1409 de

99 1447 245 1530 Whitby,
260 1452 293 1511 et
307 1447 516 1531 G[uarinum]
532 1447 692 1511 Abbatem
715 1453 749 1511 et
771 1446 870 1511 Oonv.
886 1446 926 1510 de
941 1445 1236 1511 Rivalle—soilicet

100 1546 186 1631 qnod
201 1547 296 1632 praed.
312 1547 456 1632 P[etrus]
471 1548 583 1612 Abhas
598 1548 672 1631 [ctc.,
687 1567 723 1611 ae
737 1547 774 1611 in
789 1547 847 1610 No.
866 1545 952 1629 255}

530 1758 801 1824 CCCLXXXIX

142 1908 235 1972 Omn.
261 1907 410 1973 fidelibus
437 1907 468 1972 S.
491 1908 538 1971 M.
560 1906 646 1972 Eccl
668 1905 753 1983 filiis,
768 1905 949 1969 Radbertus
971 1904 1011 1969 de
1034 1904 1126 1969 Perci
1147 1904 1235 1969 filius

98 2007 212 2084 Picott,
227 2006 372 2071 salutem.
417 2006 533 2071 Sciatis
554 2027 606 2070 me
621 2005 747 2070 dedisse
762 2010 796 2070 et
817 2005 1010 2069 concessisse
1030 2004 1101 2068 Deo
1121 2010 1154 2069 et
1174 2005 1236 2070 Ec-

97 2107 202 2171 clesiae
218 2107 247 2171 S.
263 2107 298 2170 P.
314 2112 348 2170 et
363 2106 393 2170 S.
410 2105 520 2170 Hildae
534 2105 573 2171 de
588 2104 728 2189 Whitby
743 2105 816 2188 [etc.,
831 2126 867 2168 oe
882 2106 919 2169 io
934 2104 992 2168 No.
1009 2105 1073 2188 67].

590 2316 743 2382 COOXC.

141 2468 234 2533 Omn.
266 2468 387 2533 Christi
415 2467 565 2532 fidelibus
594 2466 635 2530 ad
664 2487 745 2550 quos
774 2487 819 2550 pr.
850 2487 908 2532 scr.
938 2468 1127 2551 pervenerit,
1156 2469 1235 2546 Nos,

97 2566 281 2632 Willelmus
311 2568 379 2652 [de]
409 2567 613 2651 Eyvesham',
641 2566 753 2631 Abbas
782 2566 973 2630 Monssterii
1003 2568 1056 2633 SS.
1084 2569 1172 2632 Petri
1202 2575 1236 2632 et

98 2665 208 2730 Hildae
223 2667 263 2731 de
277 2668 435 2751 Wythby,
450 2667 582 2732 Ordinis
596 2666 627 2731 S.
644 2665 822 2743 Benedicti,
836 2666 922 2730 Ebor
937 2667 1096 2732 dioceseos
1113 2668 1185 2751 [etc.,
1200 2691 1236 2732 aa

99 2765 135 2826 irc
150 2773 220 2829 nect
234 2766 331 2848 deod}

576 2976 760 3045 ΟΟΟΧΟΙ.1

142 3127 235 3193 Omn.
252 3126 373 3192 Christi
392 3129 543 3194 fidelibus
558 3130 600 3194 ad
614 3150 695 3215 quos
716 3151 764 3214 pr.
780 3149 838 3196 scr.
853 3130 1044 3213 pervenerit,
1060 3129 1137 3208 Nos,
1150 3131 1235 3197 Wil-

98 3226 214 3290 lelmus
250 3227 437 3311 Ilyvsham,2
465 3228 577 3293 Abbas
610 3229 800 3293 Mcnasterii
838 3229 893 3294 SS.
925 3230 959 3294 P.
990 3237 1023 3295 et
1056 3230 1166 3295 Hildae
1195 3232 1235 3297 de

98 3326 253 3411 Whytby,
269 3327 400 3393 Ordinis
423 3327 453 3392 S.
470 3327 647 3404 Benedicti,
661 3327 756 3392 Ebor'
771 3328 940 3403 dioceseos,
957 3335 990 3393 et
1007 3329 1150 3412 ejusdem
1171 3330 1236 3395 loci

98 3426 206 3504 Conv,
223 3446 246 3491 s.
261 3427 296 3490 in
318 3427 467 3492 Domino.
513 3427 678 3491 Noveritis
699 3447 768 3505 nos,
782 3428 901 3492 nostris
923 3429 1087 3493 communi
1108 3435 1141 3494 et
1155 3451 1236 3495 una-

98 3525 179 3588 nimi
194 3546 351 3590 consensu
366 3534 400 3591 et
415 3546 556 3603 assensu,
571 3546 629 3609 pro
650 3525 743 3590 nobis
766 3532 799 3591 et
820 3547 904 3592 succ.
920 3528 1047 3606 nostris,
1062 3529 1188 3596 dedisse
1203 3536 1236 3596 et

97 3624 289 3688 concessisse
305 3624 421 3689 dilecto
443 3625 536 3689 nobis
551 3624 587 3688 in
603 3622 740 3702 Christo,
755 3626 778 3690 J
779 3625 899 3690 ohanni
921 3626 961 3692 de
983 3627 1096 3693 Monte
1111 3630 1237 3707 Valere,

96 3722 259 3804 quandam
288 3723 461 3788 annualem
490 3724 680 3808 pensionem
704 3724 848 3808 quinque
877 3746 1056 3791 marcarum
1085 3729 1177 3792 bonae
1203 3737 1236 3794 et

96 3820 208 3904 legalis
229 3831 367 3887 monetae
387 3823 526 3908 Angliae,
540 3822 731 3900 habendam,
747 3825 919 3888 tenendam
943 3834 976 3889 et
997 3827 1234 3910 percipiendam

97 3919 201 3984 eidem
227 3922 250 3986 J
252 3921 371 3986 ohanni
401 3922 440 3986 de
469 3923 583 3986 Monte
609 3921 727 3986 Valere
753 3922 793 3987 de
822 3924 915 3987 nobis
945 3930 979 3988 et
1008 3945 1092 3989 succ.
1118 3929 1236 3991 nostris

132 4078 141 4112 ¹
160 4080 225 4131 This
242 4082 264 4133 ia
282 4082 329 4132 the
347 4099 419 4134 same
436 4082 503 4133 daed
522 4099 551 4134 aa
570 4082 606 4134 ita
626 4083 802 4149 predecessor,
815 4083 910 4144 which,
929 4085 1028 4153 having
1044 4086 1111 4137 been
1129 4089 1236 4142 written

95 4161 254 4229 incorrectly
266 4165 294 4214 in
306 4169 362 4215 two
374 4181 404 4215 or
415 4165 491 4216 three
502 4165 670 4232 particulare,
683 4182 793 4232 appears
806 4171 835 4218 to
847 4166 915 4218 have
927 4168 994 4219 been
1006 4170 1134 4235 recopied

131 4242 142 4279 ¹
160 4246 277 4297 William
290 4248 324 4298 de
336 4247 476 4308 Eveaham,
490 4248 549 4299 who
561 4248 623 4299 died
640 4249 667 4299 in
683 4250 758 4301 1505.
796 4250 847 4300 His
864 4251 1040 4316 predecessor,
1052 4253 1125 4303 John
1144 4255 1234 4318 Lorel,

95 4345 205 4395 appears
217 4334 247 4382 to
259 4330 327 4381 have
340 4330 402 4381 died
414 4331 441 4381 in
457 4333 533 4386 1501.
569 4331 634 4382 Thia
653 4332 763 4398 pension
780 4332 847 4384 then
858 4350 913 4384 was
930 4336 1042 4401 granted
1061 4353 1131 4402 upon
1145 4339 1237 4392 Abbot

96 4412 236 4464 William'a
254 4414 394 4464 induction
410 4413 468 4465 into
485 4414 529 4466 hia
546 4431 606 4468 nav
622 4416 734 4484 dignity.
772 4416 849 4468 Some
866 4417 967 4468 similar
983 4418 1117 4471 instances
1130 4423 1185 4472 will
1203 4424 1236 4475 bc

95 4496 180 4547 ionnd
192 4498 220 4547 in
233 4497 279 4549 the
293 4496 442 4563 Appendix,
