2916 4986
308 528 584 581 CARTULARIUM
604 528 807 581 ABBATHIAE
825 531 877 581 DE
895 531 1080 583 WHITEBY.
1199 520 1260 580 117

123 692 371 769 successoribus,
394 699 427 757 et
449 692 577 757 illibata
598 702 817 778 permaneant.
863 696 1263 780 Quaecunque,p1aeterea,

122 789 159 851 in
175 790 331 869 futurum,
346 792 503 876 largiente
525 794 605 868 Dec,
620 793 827 858 concessione
850 794 1054 872 Pontificum,
1069 794 1262 858 liberalitate

124 888 258 973 Regum,
286 891 460 975 largitione
486 891 687 975 Principum,
724 892 888 957 oblatione
918 893 1072 970 fidelium,
1102 915 1160 958 seu
1188 894 1261 958 aliis

118 988 219 1070 justis
233 991 348 1067 modis,
362 991 510 1075 poteritis
526 991 672 1074 adipisci,
694 991 787 1055 firma
810 993 902 1056 vobis
928 999 963 1056 et
987 993 1112 1078 integra
1137 1014 1262 1058 conser-

122 1094 260 1169 ventur3
281 1089 372 1155 salva
383 1090 536 1153 nimirum
546 1089 708 1154 diocesani
721 1091 873 1174 Episcopi
884 1091 1014 1174 justitia
1027 1099 1062 1157 et
1075 1093 1261 1157 reverentia

122 1186 335 1253 Decemimus
362 1209 436 1273 ergo
462 1195 501 1251 ut
522 1188 607 1252 nulli
629 1189 761 1253 omnino
782 1189 952 1253 hominum
974 1190 1071 1256 liceat
1092 1192 1261 1275 praefatum

122 1285 358 1351 Monasterium
373 1293 493 1352 temere
507 1289 703 1372 perturbare,
718 1293 775 1351 aut
796 1289 866 1372 ejus
889 1290 1107 1371 possessiones
1130 1291 1262 1367 auferre,

121 1384 176 1448 vel
198 1385 321 1450 ablatas
337 1388 484 1463 retinere,
498 1387 654 1463 minuere,
670 1386 723 1451 vel
745 1388 924 1451 temerariis
939 1389 1165 1454 vexationibus
1187 1390 1262 1454 iati-

121 1503 215 1567 gare:
239 1485 295 1548 sed
310 1485 420 1549 omnia
434 1485 559 1570 integra
574 1492 813 1563 conserventur,
828 1506 950 1562 eorum,
964 1507 1021 1569 pro
1036 1508 1174 1570 quorum
1190 1509 1261 1552 sus-

121 1583 302 1648 tentatione
313 1590 346 1649 et
357 1585 589 1669 gubernatione
600 1605 753 1650 concessa
764 1591 850 1663 sunt,
859 1586 973 1650 usibus
985 1587 1178 1651 omnimodis
1189 1608 1263 1671 pro·

121 1682 239 1747 futura
300 1683 335 1748 Si
372 1685 454 1768 quis,
484 1690 602 1762 autem,
633 1685 710 1749 huic
746 1686 850 1748 nostri
886 1685 1110 1750 constitutioni
1148 1687 1263 1763 sciens,

120 1783 291 1848 temerario
322 1804 411 1861 ausu,
441 1785 600 1849 contrarie
630 1785 847 1868 temptaverit,
885 1785 949 1848 nisi
979 1785 1262 1868 praesumptionem

120 1903 214 1946 suam
230 1882 328 1967 digna
342 1883 565 1948 satisfactione
581 1885 764 1961 correxerit,
779 1884 996 1948 anathematis
1011 1885 1205 1948 sententiam
1228 1906 1262 1950 se

122 1982 250 2045 noverit
264 1983 477 2047 incursurum.
522 1985 647 2047 Datum
663 1984 812 2048 Laterani
827 2004 856 2049 ν.
873 1984 952 2048 Idus
967 1985 1164 2049 Decembris.

201 2220 349 2285 CXLIX.
373 2222 598 2285 Parvmncruu
614 2237 657 2285 un
671 2222 820 2286 Wr'rnur
835 2238 987 2285 rauroan
1002 2223 1185 2285 Bassareu

614 2321 771 2386 Aaaarrs.

167 2455 352 2540 Eugenius¹
380 2456 571 2540 Episcopus,
601 2457 720 2521 Servus
750 2478 915 2522 servorum
940 2457 1014 2534 Dei,
1036 2457 1164 2521 dilectis
1187 2457 1263 2521 filiis

124 2553 322 2631 Benedicta,²
336 2555 456 2619 Abbati
472 2556 663 2620 Monasterii
678 2557 708 2621 S.
725 2557 813 2620 Petri
829 2563 861 2621 et
884 2558 914 2622 S.
931 2557 1041 2620 Hildae
1055 2557 1096 2620 de
1111 2556 1263 2641 Wyteby,

125 2656 260 2738 ejusque
275 2655 436 2731 iratribus,
459 2663 527 2718 tam
549 2675 639 2737 praes.
657 2675 755 2738 quam
777 2655 846 2732 fut,
861 2655 1038 2738 regularem
1061 2655 1165 2719 vitam
1190 2675 1263 2738 pro-

123 2755 216 2819 fessis
238 2755 274 2817 in
295 2762 497 2838 perpetuum.
542 2755 609 2818 Piae
631 2754 807 2836 postulatio
823 2754 1003 2818 voluntatis
1025 2754 1141 2818 effectu
1166 2753 1263 2818 debet

122 2860 335 2939 prosequente
371 2853 535 2937 compleri,
565 2859 604 2917 ut
640 2853 821 2917 devotionis
858 2852 1027 2917 sinceritas
1056 2851 1263 2916 laudabiliter

120 2952 285 3028 enitescat,
314 2959 347 3016 et
384 2953 510 3016 utilitas
544 2951 706 3034 postulata
734 2951 820 3014 vires
857 2949 1080 3013 indubitanter
1109 2958 1260 3014 assumat

123 3052 290 3128 Quocirca,
320 3051 432 3115 dilecti
455 3052 491 3115 in
515 3052 602 3115 D’no
627 3051 697 3127 filii,
720 3048 837 3113 vestris
863 3048 962 3131 justis
988 3047 1261 3132 postulationibus

120 3150 295 3214 elementer
309 3151 493 3227 annuimus,
509 3157 542 3215 et
556 3151 728 3233 praefatum
743 3150 773 3213 S.
785 3148 874 3211 Petri
891 3147 1136 3224 Monasterium,
1145 3149 1181 3210 in
1197 3169 1261 3231 quo

121 3248 233 3312 divino
248 3249 424 3333 mancipati
446 3250 525 3314 estis
541 3249 703 3332 obsequio,
718 3248 780 3312 sub
795 3248 830 3310 B.
847 3247 935 3310 Petri
958 3252 991 3310 et
1012 3251 1122 3310 nostra
1137 3253 1261 3331 protec-

123 3348 212 3413 tione
228 3349 432 3432 suscipimus,
447 3355 481 3412 et
503 3348 672 3432 praesentis
695 3347 807 3430 scripti
829 3346 999 3431 privilegio
1014 3346 1260 3424 communimus,

122 3453 301 3511 statuentes
333 3455 379 3524 ut,
408 3468 631 3531 quascumque
667 3446 895 3531 possessiones,
925 3466 1137 3530 quaecumque
1173 3447 1258 3511 bona

122 3547 209 3611 idem
229 3546 466 3611 Monasterium
486 3549 575 3630 juste
597 3555 630 3610 et
643 3547 797 3611 canonice
812 3547 964 3630 possidet,
979 3552 1036 3610 aut
1057 3547 1092 3609 in
1112 3547 1258 3611 futurum

121 3647 326 3709 concessione
342 3646 548 3721 Pontificum,
563 3646 733 3728 largitione
748 3647 883 3729 Regum,
893 3646 946 3709 vel
961 3646 1158 3729 Principum,
1173 3646 1259 3710 obla-

122 3745 211 3808 tione
226 3745 379 3821 fidelium,
395 3766 448 3809 seu
467 3745 540 3809 aliis
567 3743 647 3827 (31l')
670 3745 770 3826 justis
793 3744 905 3821 modia,
920 3751 1095 3828 praestante
1110 3745 1259 3821 Domine,

158 3893 168 3927 ¹
186 3895 321 3962 Eugenius
334 3909 386 3957 rra,
401 3897 561 3947 llas-llos

156 3976 168 4009 ²
185 3977 320 4041 Nicholas,
332 3979 355 4029 it
367 3979 390 4028 ia
403 3978 494 4045 nearly
507 3977 615 4040 certain,
630 3993 684 4028 was
696 3976 789 4029 Abbot
800 3977 858 4028 still
870 3977 898 4027 in
913 3978 980 4028 1132
993 3980 1047 4038 (see
1065 3976 1117 4027 Mr.
1131 3977 1259 4043 Hodgson

122 4061 233 4111 Hinde‘s
241 4061 349 4112 Preiace
359 4065 388 4112 1ο
395 4061 544 4126 Syaweaos
549 4061 679 4124 Dertosa,
689 4059 740 4111 vol.
751 4060 768 4111 'a
779 4076 804 4126 p.
814 4060 896 4121 xxxi),
905 4059 955 4109 but
964 4059 1025 4110 how
1033 4058 1096 4124 long
1103 4058 1174 4108 after
1182 4058 1259 4109 there

119 4161 165 4194 are
179 4160 213 4193 no
226 4159 318 4194 means
329 4144 357 4193 01
368 4143 551 4211 ascertaining.
588 4143 686 4209 Young
699 4146 733 4209 (p.
747 4144 809 4202 259)
819 4156 882 4206 says
893 4141 920 4191 01
932 4140 1043 4190 him-‘⁴
1053 4139 1096 4190 He
1107 4154 1217 4204 appears
1230 4144 1258 4191 1ο

121 4225 190 4275 have
201 4225 335 4293 governed
347 4226 394 4276 110
407 4230 560 4290 monastery
573 4224 656 4275 about
668 4229 715 4275 ten
725 4240 756 4275 or
767 4223 866 4277 twelve
883 4221 984 4288 ycars,”
996 4222 1046 4273 but
1064 4220 1098 4271 he
1111 4221 1211 4289 assigna
1223 4239 1258 4273 no

121 4325 214 4360 reason
226 4325 256 4360 or
268 4309 372 4376 grourm
390 4308 507 4360 lorsucb
521 4324 554 4358 an
573 4307 745 4374 assumption
783 4307 838 4357 But
858 4322 888 4357 as
908 4306 956 4355 tlre
976 4304 1039 4356 date
1059 4304 1088 4355 01
1108 4304 1258 4357 Benedict's

121 4391 380 4459 resignation—vis,
395 4391 523 4444 ills-ia
535 4391 642 4454 known
656 4390 703 4441 the
715 4390 778 4442 date
790 4388 818 4440 01
835 4388 883 4440 110
894 4391 1003 4455 present
1014 4386 1198 4439 confirmation
1210 4388 1259 4440 lias

124 4474 245 4526 between
260 4477 328 4527 1145
340 4474 394 4526 ami
408 4476 484 4526 1148.
