2916 4986
156 504 219 561 312
338 508 610 565 cnuuunnmuu
629 506 833 560 ABBATHIAE
851 505 903 558 DE
919 503 1116 557 WfflTEBY.

229 787 446 851 cceLxxv.
469 786 557 849 Arm
571 799 755 848 commu-ro
770 797 831 845 mo
845 796 984 846 oncms
998 796 1044 844 mc
1058 781 1233 844 Fumone

200 936 369 1001 Universis
385 938 415 1000 S.
428 937 473 999 ,11
486 935 637 1000 Fcclesiae
652 934 737 1010 filiis,
748 933 790 996 cd
799 953 938 1016 quorum
950 931 1106 996 notitiam
1118 928 1300 1014 pervenerit

156 1035 225 1100 haec
247 1036 415 1119 scriptura,
432 1035 606 1112 Walterus,
627 1033 836 1118 permissione
857 1031 979 1108 divina,
1001 1031 1099 1094 Ebor.
1116 1029 1298 1113 Archiepis

157 1154 266 1218 copus,
295 1134 422 1218 Angliae
452 1135 587 1211 Primas,
617 1155 641 1198 s.
671 1135 708 1196 in
741 1131 855 1196 salutis
885 1132 1039 1196 Auctore.
1101 1130 1299 1195 Benedictus

158 1234 290 1298 Creator
312 1243 345 1296 et
367 1235 464 1297 Pater
486 1233 685 1309 Aitissimus,
700 1232 766 1315 qui,
788 1231 850 1294 etsi
871 1231 908 1293 in
930 1235 1138 1294 sacrosancto
1154 1229 1300 1294 uoelesia

158 1333 380 1409 dissentiones,
391 1332 618 1396 concussiones
630 1339 664 1396 et
674 1330 781 1414 litigia
794 1330 836 1394 cd
846 1336 976 1413 tempus
984 1329 1026 1392 ed
1037 1329 1300 1413 experimentum

157 1433 323 1517 patientiae
338 1439 371 1495 et
386 1431 493 1495 meriti
509 1451 716 1514 personarum
731 1429 912 1513 permiserit
927 1429 1086 1505 suscitari,
1101 1449 1178 1492 eom
1192 1435 1299 1492 tamen

158 1533 403 1595 contentionum
416 1530 594 1613 dispendiis
606 1550 673 1593 non
687 1529 826 1593 sustinet
836 1528 886 1592 sui
897 1528 1001 1612 grstia
1011 1526 1177 1611 dissipari.
1224 1528 1301 1592 Ortc
1339 1536 1341 1539 ’

157 1630 317 1713 siquidem
332 1650 435 1712 nuper
449 1650 545 1713 super
557 1628 750 1712 quibusdem
766 1627 898 1692 decimis
910 1628 993 1690 infr-c
1004 1626 1130 1690 limites
1141 1627 1301 1711 parochis

158 1729 300 1793 ecclesiae
315 1729 354 1792 de
370 1728 511 1791 Foxhols
527 1728 751 1803 existentibus,
766 1726 852 1791 inter
862 1726 996 1790 dilectos
1007 1726 1043 1788 in
1058 1725 1195 1790 Christo
1210 1726 1301 1804 filios,

158 1827 321 1892 Abbetem
344 1828 384 1892 de
406 1827 546 1910 Wbitby
560 1835 594 1890 et
616 1826 763 1908 ejusdem
783 1825 847 1889 loci
869 1825 979 1902 Gonu„
996 1846 1037 1888 ex
1059 1832 1156 1908 parte
1179 1847 1257 1903 uns,
1271 1832 1302 1890 et

158 1927 279 1989 M’rum
295 1927 471 1990 Robertum
487 1927 527 1991 de
544 1928 570 1989 F
571 1926 734 2009 sngefous,
746 1925 915 1989 Rectorem
930 1924 1072 1988 ecclesiae
1087 1924 1132 1989 de
1148 1925 1302 2002 Foxhols,

158 2023 274 2089 nostre
298 2026 466 2101 dioceseos,
482 2026 616 2088 materia
637 2024 728 2108 gruvi
746 2030 781 2088 et
802 2024 894 2107 qussi
915 2023 1141 2107 inexplicabili
1165 2024 1303 2088 dintinae

157 2125 355 2207 quaestionis,
377 2125 510 2187 tandem
532 2125 723 2209 disponente
746 2124 897 2201 Domino,
912 2130 946 2188 et
967 2124 1115 2207 partibus
1131 2124 1302 2190 hincinde

159 2223 353 2286 ordinationi
365 2229 399 2286 et
414 2223 541 2287 decreto
556 2230 665 2288 nostro
680 2225 854 2288 summario
869 2244 903 2288 se
918 2229 1041 2307 sponte,
1056 2243 1139 2306 pure
1160 2231 1195 2288 et
1211 2226 1303 2288 abso-

159 2321 237 2395 lute,
260 2321 392 2403 penitus
423 2322 814 2400 submittentibus—Nos,
839 2324 875 2387 in
901 2324 1032 2388 nomine
1062 2324 1093 2388 S.
1117 2324 1302 2401 Trinitatis,

159 2420 274 2496 Amen,
289 2419 476 2483 ordinamus
498 2427 531 2485 et
553 2422 727 2489 diffinitive
748 2423 964 2488 discernimus
985 2423 1046 2488 sub
1068 2422 1131 2488 hac
1154 2425 1303 2489 forms-

158 2519 254 2584 videl.
270 2518 356 2603 quod
378 2525 573 2585 memoratus
590 2523 653 2585 M'r
676 2523 844 2601 Robertus,
866 2525 982 2588 Rector
1001 2523 1146 2588 ecclesiae
1161 2524 1204 2589 de
1220 2526 1303 2589 Fox-

158 2616 240 2694 hols,
255 2618 295 2682 de
310 2623 496 2682 tenemento
507 2620 647 2684 Andreae
662 2621 701 2685 de
714 2621 879 2705 Boithorp,
888 2622 974 2705 quod
984 2621 1133 2686 consistit
1144 2623 1303 2687 incmttis

160 2725 193 2784 et
208 2719 344 2784 culturis
360 2719 551 2803 subscriptis
566 2720 602 2783 in
618 2720 829 2786 Karterflatte
851 2772 858 2787 .
880 2771 887 2785 .
911 2772 918 2787 .

204 2820 284 2904 [ww
314 2821 474 2882 dommus
504 2820 611 2883 breaks
639 2821 687 2903 off
709 2821 858 2904 ampuys
886 2822 964 2897 herc,
989 2827 1025 2884 ct
1053 2821 1104 2884 tus
1127 2822 1307 2907 ὀπωπαί

153 2916 594 3003 fi125‚f.125¹’bcinqlcft
615 2920 718 2983 blank.
765 2920 827 2984 Oce
849 2920 964 3003 lcafc‘s
987 2920 1060 2984 chen
1081 2928 1134 2984 cut
1157 2930 1223 3000 out,
1239 2925 1305 2988 aad

160 3020 208 3083 the
230 3021 353 3103 papius
371 3039 440 3098 ques
465 3040 506 3082 on
531 3023 592 3083 127
615 3040 656 3083 on
678 3020 726 3082 tlte
748 3028 827 3096 nect,
844 3021 944 3083 which
964 3021 1042 3083 with
1054 3021 1087 3102 s.
1112 3027 1179 3085 128
1199 3023 1232 3087 is
1252 3024 1307 3108 lcfi

160 3119 255 3181 blank
269 3141 310 3182 ou
331 3116 400 3179 boet
421 3119 507 3181 sides.
554 3118 602 3181 Oct
616 3118 646 3200 f.
667 3122 727 3181 129
750 3119 853 3201 ispius
867 3119 918 3182 tto
930 3119 1099 3202 followinq
1120 3141 1305 3187 mumon-

160 3217 238 3281 dum
251 3218 319 3300 :—]

509 3401 746 3468 ccccxxvi
772 3404 837 3488 (uo
852 3404 946 3487 sue.)

206 3548 296 3631 (129)
322 3548 568 3613 Memorandum
587 3552 673 3634 quod
696 3553 734 3616 A.
755 3553 796 3616 D.
813 3552 985 3616 millesimo
1003 3552 1207 3636 sexagesimo
1229 3577 1305 3641 sep-

162 3649 250 3724 timo,
262 3647 369 3729 Hugo,
385 3647 499 3712 Comes
516 3647 702 3727 Cestrensis
718 3658 751 3715 et
766 3652 951 3716 Willelmus
966 3652 1078 3735 Percy‚
1092 3661 1258 3719 venerunt
1270 3657 1307 3720 in

162 3747 313 3831 Angliam
326 3766 399 3809 cum
413 3746 497 3809 D’no
506 3747 682 3826 Willelmo,
691 3750 784 3815 Duce
793 3751 826 3814 N
827 3771 1061 3827 ermannorum,
1073 3751 1309 3836 Conquestore

161 3848 204 3910 Et
226 3847 312 3911 idem
328 3844 512 3909 Willelmus
536 3847 735 3931 Conquestor
757 3849 848 3913 dedit
869 3849 1021 3933 praedicto
1037 3849 1173 3933 Hugoni
1188 3853 1308 3918 villam

161 3947 201 4010 de
227 3946 415 4030 Whytteby‚
442 3966 515 4009 cum
546 3947 695 4011 omnibus
721 3949 789 4012 suis
818 3949 978 4013 membris.
1023 3950 1065 4012 Et
1090 3949 1180 4014 idem
1206 3952 1310 4039 Hugo

162 4045 251 4109 dedit
262 4044 357 4129 praed.
373 4045 538 4109 Willelmo
554 4045 594 4110 de
617 4047 719 4130 Percy
734 4048 843 4111 omnia
864 4049 1018 4131 praedicto
1039 4053 1139 4113 terres
1159 4057 1195 4114 et
1216 4057 1310 4118 tene·

162 4151 279 4219 ments,
294 4142 401 4207 sibiet
415 4144 489 4210 haer.
505 4143 581 4221 suis,
592 4144 639 4209 itc
653 4145 752 4210 libere
767 4151 801 4210 et
815 4148 924 4230 quiete
939 4147 1023 4211 sicut
1038 4147 1133 4229 praed
1151 4147 1255 4235 Hugo
1271 4173 1311 4217 ec

161 4241 276 4306 hebuit
291 4264 331 4306 ex
346 4242 429 4306 dono
445 4243 549 4326 Regis.
595 4245 638 4307 Et
659 4245 754 4327 praed.
770 4244 956 4309 Willelmus
973 4246 1011 4310 de
1034 4247 1136 4330 Percy
1151 4247 1312 4316 fundavit

161 4340 358 4404 Abbathiam
387 4341 426 4404 de
456 4342 645 4426 Whytteby‚
675 4348 707 4407 et
737 4344 828 4408 dedit
856 4345 952 4429 praed.
983 4345 1104 4423 villam,
1128 4367 1207 4411 eum
1239 4352 1312 4416 suis

161 4439 322 4515 membris,
334 4440 412 4514 De0,
428 4438 457 4503 S.
474 4440 509 4504 P.
525 4446 557 4505 et
573 4440 602 4504 S.
620 4441 739 4524 Hyldae
754 4443 794 4508 de
806 4443 996 4529 Whytteby,
1011 4453 1044 4510 et
1060 4444 1195 4524 serloni,
1212 4449 1312 4515 fratri
