<?xml version="1.0" encoding="UTF-8"?>
<!DOCTYPE html PUBLIC "-//W3C//DTD XHTML 1.0 Transitional//EN"
    "http://www.w3.org/TR/xhtml1/DTD/xhtml1-transitional.dtd">
<html xmlns="http://www.w3.org/1999/xhtml" xml:lang="en" lang="en">
 <head>
  <title>
</title>
<meta http-equiv="Content-Type" content="text/html;charset=utf-8" />
  <meta name='ocr-system' content='tesseract 3.04.00' />
  <meta name='ocr-capabilities' content='ocr_page ocr_carea ocr_par ocr_line ocrx_word'/>
</head>
<body>
  <div class='ocr_page' id='page_1' title='image "./cartulariumabba00abbegoog_0114.png"; bbox 0 0 2916 4986; ppageno 0'>
   <div class='ocr_carea' id='block_1_1' title="bbox 273 475 1231 540">
    <p class='ocr_par' dir='ltr' id='par_1_1' title="bbox 273 475 1231 540">
     <span class='ocr_line' id='line_1_1' title="bbox 273 475 1231 540; baseline -0.006 -1"><span class='ocrx_word' id='word_1_1' title='bbox 273 486 545 540; x_wconf 74' lang='lat' dir='ltr'>cenuunnmuu</span> <span class='ocrx_word' id='word_1_2' title='bbox 562 486 767 539; x_wconf 78' lang='lat' dir='ltr'><strong>ABBATHIAE</strong></span> <span class='ocrx_word' id='word_1_3' title='bbox 782 486 831 538; x_wconf 78' lang='lat' dir='ltr'>Du</span> <span class='ocrx_word' id='word_1_4' title='bbox 848 486 1035 539; x_wconf 75' lang='lat' dir='ltr'><strong>WHITEBY.</strong></span> <span class='ocrx_word' id='word_1_5' title='bbox 1193 475 1231 534; x_wconf 82' lang='lat'>15</span> 
     </span>
    </p>
   </div>
   <div class='ocr_carea' id='block_1_2' title="bbox 96 650 1381 1034">
    <p class='ocr_par' dir='ltr' id='par_1_2' title="bbox 97 650 1381 835">
     <span class='ocr_line' id='line_1_2' title="bbox 99 650 1381 735; baseline 0.004 -19"><span class='ocrx_word' id='word_1_6' title='bbox 99 650 178 716; x_wconf 89' lang='lat' dir='ltr'>dicti</span> <span class='ocrx_word' id='word_1_7' title='bbox 200 651 331 716; x_wconf 83' lang='lat' dir='ltr'>termini</span> <span class='ocrx_word' id='word_1_8' title='bbox 346 658 458 717; x_wconf 80' lang='lat' dir='ltr'>contre</span> <span class='ocrx_word' id='word_1_9' title='bbox 472 672 584 716; x_wconf 87' lang='lat' dir='ltr'>omnes</span> <span class='ocrx_word' id='word_1_10' title='bbox 601 650 748 716; x_wconf 89' lang='lat' dir='ltr'>homines</span> <span class='ocrx_word' id='word_1_11' title='bbox 763 652 1053 727; x_wconf 80' lang='lat' dir='ltr'>warantizabimus,</span> <span class='ocrx_word' id='word_1_12' title='bbox 1068 651 1230 735; x_wconf 88' lang='lat' dir='ltr'>acquieta·</span> <span class='ocrx_word' id='word_1_13' title='bbox 1243 661 1381 721; x_wconf 72' lang='lat' dir='ltr'>wmty.</span> 
     </span>
     <span class='ocr_line' id='line_1_3' title="bbox 97 751 1232 835; baseline 0 -20"><span class='ocrx_word' id='word_1_14' title='bbox 97 751 203 815; x_wconf 90' lang='lat' dir='ltr'>bimus</span> <span class='ocrx_word' id='word_1_15' title='bbox 227 757 261 816; x_wconf 86' lang='lat' dir='ltr'>et</span> <span class='ocrx_word' id='word_1_16' title='bbox 282 751 501 817; x_wconf 81' lang='lat' dir='ltr'><strong>defendemus.</strong></span> <span class='ocrx_word' id='word_1_17' title='bbox 547 751 590 815; x_wconf 92' lang='lat' dir='ltr'>In</span> <span class='ocrx_word' id='word_1_18' title='bbox 616 753 708 835; x_wconf 89' lang='lat' dir='ltr'>cujus</span> <span class='ocrx_word' id='word_1_19' title='bbox 737 752 785 816; x_wconf 90' lang='lat' dir='ltr'>rei</span> <span class='ocrx_word' id='word_1_20' title='bbox 809 751 1033 816; x_wconf 87' lang='lat' dir='ltr'>testimonium</span> <span class='ocrx_word' id='word_1_21' title='bbox 1058 751 1117 815; x_wconf 92' lang='lat' dir='ltr'>uni</span> <span class='ocrx_word' id='word_1_22' title='bbox 1145 752 1232 834; x_wconf 88' lang='lat' dir='ltr'>parti</span> 
     </span>
    </p>

    <p class='ocr_par' dir='ltr' id='par_1_3' title="bbox 97 848 1232 935">
     <span class='ocr_line' id='line_1_4' title="bbox 97 848 1232 935; baseline 0.001 -22"><span class='ocrx_word' id='word_1_23' title='bbox 97 848 194 932; x_wconf 90' lang='lat' dir='ltr'>hujus</span> <span class='ocrx_word' id='word_1_24' title='bbox 208 850 322 934; x_wconf 88' lang='lat' dir='ltr'>scripti</span> <span class='ocrx_word' id='word_1_25' title='bbox 336 850 529 934; x_wconf 83' lang='lat' dir='ltr'>cimgraffati</span> <span class='ocrx_word' id='word_1_26' title='bbox 551 849 695 935; x_wconf 82' lang='lat' dir='ltr'>sigillum</span> <span class='ocrx_word' id='word_1_27' title='bbox 711 849 856 933; x_wconf 78' lang='lat' dir='ltr'>Capituli</span> <span class='ocrx_word' id='word_1_28' title='bbox 880 850 982 913; x_wconf 83' lang='lat' dir='ltr'>nostri</span> <span class='ocrx_word' id='word_1_29' title='bbox 1004 851 1232 933; x_wconf 80' lang='lat' dir='ltr'>apposuimus3</span> 
     </span>
    </p>

    <p class='ocr_par' dir='ltr' id='par_1_4' title="bbox 96 948 1140 1034">
     <span class='ocr_line' id='line_1_5' title="bbox 96 948 1140 1034; baseline -0.001 -21"><span class='ocrx_word' id='word_1_30' title='bbox 96 948 195 1014; x_wconf 87' lang='lat' dir='ltr'>altera</span> <span class='ocrx_word' id='word_1_31' title='bbox 209 970 284 1015; x_wconf 87' lang='lat' dir='ltr'>vero</span> <span class='ocrx_word' id='word_1_32' title='bbox 298 970 372 1034; x_wconf 85' lang='lat' dir='ltr'>pers</span> <span class='ocrx_word' id='word_1_33' title='bbox 386 949 493 1034; x_wconf 85' lang='lat' dir='ltr'>sigillo</span> <span class='ocrx_word' id='word_1_34' title='bbox 507 949 588 1014; x_wconf 91' lang='lat' dir='ltr'>dicti</span> <span class='ocrx_word' id='word_1_35' title='bbox 603 950 732 1014; x_wconf 89' lang='lat' dir='ltr'>Ricardi</span> <span class='ocrx_word' id='word_1_36' title='bbox 746 955 796 1015; x_wconf 89' lang='lat' dir='ltr'>est</span> <span class='ocrx_word' id='word_1_37' title='bbox 810 949 1026 1032; x_wconf 79' lang='lat' dir='ltr'>consingnata.</span> <span class='ocrx_word' id='word_1_38' title='bbox 1137 1024 1140 1030; x_wconf 26' lang='lat'><strong>¹</strong></span> 
     </span>
    </p>
   </div>
   <div class='ocr_carea' id='block_1_3' title="bbox 183 1136 294 1220">
    <p class='ocr_par' dir='ltr' id='par_1_5' title="bbox 183 1136 294 1220">
     <span class='ocr_line' id='line_1_6' title="bbox 183 1136 294 1220; baseline 0 0"><span class='ocrx_word' id='word_1_39' title='bbox 183 1136 231 1220; x_wconf 62' lang='grc' dir='ltr'>(κ)</span> <span class='ocrx_word' id='word_1_40' title='bbox 253 1136 294 1200; x_wconf 84' lang='lat' dir='ltr'>x.</span> 
     </span>
    </p>
   </div>
   <div class='ocr_carea' id='block_1_4' title="bbox 140 1273 1383 1383">
    <p class='ocr_par' dir='ltr' id='par_1_6' title="bbox 140 1273 1383 1383">
     <span class='ocr_line' id='line_1_7' title="bbox 140 1273 1383 1383; baseline 0.006 -45"><span class='ocrx_word' id='word_1_41' title='bbox 140 1274 299 1339; x_wconf 88' lang='lat' dir='ltr'>Omnibus</span> <span class='ocrx_word' id='word_1_42' title='bbox 315 1273 437 1339; x_wconf 80' lang='lat' dir='ltr'>Christi</span> <span class='ocrx_word' id='word_1_43' title='bbox 452 1274 602 1339; x_wconf 89' lang='lat' dir='ltr'>fidelibus</span> <span class='ocrx_word' id='word_1_44' title='bbox 617 1275 658 1338; x_wconf 90' lang='lat' dir='ltr'>ad</span> <span class='ocrx_word' id='word_1_45' title='bbox 673 1295 755 1358; x_wconf 90' lang='lat' dir='ltr'>quos</span> <span class='ocrx_word' id='word_1_46' title='bbox 769 1296 815 1359; x_wconf 86' lang='lat' dir='ltr'>pr.</span> <span class='ocrx_word' id='word_1_47' title='bbox 831 1295 888 1340; x_wconf 85' lang='lat' dir='ltr'>scr.</span> <span class='ocrx_word' id='word_1_48' title='bbox 904 1277 1094 1358; x_wconf 85' lang='lat' dir='ltr'>pervenerit,</span> <span class='ocrx_word' id='word_1_49' title='bbox 1110 1276 1231 1359; x_wconf 84' lang='lat' dir='ltr'>Symon</span> <span class='ocrx_word' id='word_1_50' title='bbox 1243 1334 1323 1383; x_wconf 72' lang='lat' dir='ltr'>orant</span> <span class='ocrx_word' id='word_1_51' title='bbox 1333 1333 1383 1382; x_wconf 75' lang='lat' dir='ltr'>anu</span> 
     </span>
    </p>
   </div>
   <div class='ocr_carea' id='block_1_5' title="bbox 96 1373 1369 1458">
    <p class='ocr_par' dir='ltr' id='par_1_7' title="bbox 96 1373 1369 1458">
     <span class='ocr_line' id='line_1_8' title="bbox 96 1373 1369 1458; baseline 0.004 -22"><span class='ocrx_word' id='word_1_52' title='bbox 96 1373 127 1438; x_wconf 86' lang='lat' dir='ltr'>le</span> <span class='ocrx_word' id='word_1_53' title='bbox 138 1375 247 1438; x_wconf 87' lang='lat' dir='ltr'>Porter</span> <span class='ocrx_word' id='word_1_54' title='bbox 257 1374 455 1458; x_wconf 86' lang='lat' dir='ltr'>inWhitehy</span> <span class='ocrx_word' id='word_1_55' title='bbox 466 1374 606 1438; x_wconf 87' lang='lat' dir='ltr'>salutem</span> <span class='ocrx_word' id='word_1_56' title='bbox 616 1374 651 1437; x_wconf 92' lang='lat' dir='ltr'>in</span> <span class='ocrx_word' id='word_1_57' title='bbox 663 1375 812 1439; x_wconf 90' lang='lat' dir='ltr'>Domino.</span> <span class='ocrx_word' id='word_1_58' title='bbox 824 1376 959 1439; x_wconf 81' lang='lat' dir='ltr'>Noverit</span> <span class='ocrx_word' id='word_1_59' title='bbox 968 1375 1117 1439; x_wconf 89' lang='lat' dir='ltr'>discretio</span> <span class='ocrx_word' id='word_1_60' title='bbox 1125 1381 1232 1440; x_wconf 88' lang='lat' dir='ltr'>vestra</span> <span class='ocrx_word' id='word_1_61' title='bbox 1244 1395 1369 1441; x_wconf 71' lang='lat' dir='ltr'>conum</span> 
     </span>
    </p>
   </div>
   <div class='ocr_carea' id='block_1_6' title="bbox 97 1453 1396 1573">
    <p class='ocr_par' dir='ltr' id='par_1_8' title="bbox 97 1453 1396 1573">
     <span class='ocr_line' id='line_1_9' title="bbox 97 1453 1396 1573; baseline 0.005 -37"><span class='ocrx_word' id='word_1_62' title='bbox 97 1493 157 1549; x_wconf 90' lang='lat' dir='ltr'>me,</span> <span class='ocrx_word' id='word_1_63' title='bbox 172 1473 340 1537; x_wconf 86' lang='lat' dir='ltr'>voluntate</span> <span class='ocrx_word' id='word_1_64' title='bbox 354 1482 388 1538; x_wconf 90' lang='lat' dir='ltr'>et</span> <span class='ocrx_word' id='word_1_65' title='bbox 410 1493 569 1538; x_wconf 86' lang='lat' dir='ltr'>consensu</span> <span class='ocrx_word' id='word_1_66' title='bbox 591 1474 751 1558; x_wconf 81' lang='lat' dir='ltr'>Angnetis</span> <span class='ocrx_word' id='word_1_67' title='bbox 772 1475 882 1538; x_wconf 87' lang='lat' dir='ltr'>uxoris</span> <span class='ocrx_word' id='word_1_68' title='bbox 904 1495 993 1550; x_wconf 80' lang='lat' dir='ltr'>mese,</span> <span class='ocrx_word' id='word_1_69' title='bbox 1008 1474 1142 1550; x_wconf 81' lang='lat' dir='ltr'>dedisse,</span> <span class='ocrx_word' id='word_1_70' title='bbox 1157 1453 1396 1573; x_wconf 61' lang='lat' dir='ltr'>con-‡{‚‘}‚¹{1‘,‘’2}1¹⁰</span> 
     </span>
    </p>
   </div>
   <div class='ocr_carea' id='block_1_7' title="bbox 97 1570 1399 1678">
    <p class='ocr_par' dir='ltr' id='par_1_9' title="bbox 97 1570 1399 1678">
     <span class='ocr_line' id='line_1_10' title="bbox 97 1570 1399 1678; baseline -0.005 -40"><span class='ocrx_word' id='word_1_71' title='bbox 97 1573 237 1650; x_wconf 72' lang='lat' dir='ltr'>cessime,</span> <span class='ocrx_word' id='word_1_72' title='bbox 245 1579 280 1638; x_wconf 88' lang='lat' dir='ltr'>et</span> <span class='ocrx_word' id='word_1_73' title='bbox 290 1573 352 1636; x_wconf 89' lang='lat' dir='ltr'>hac</span> <span class='ocrx_word' id='word_1_74' title='bbox 362 1574 513 1656; x_wconf 85' lang='lat' dir='ltr'>praesenti</span> <span class='ocrx_word' id='word_1_75' title='bbox 524 1580 612 1636; x_wconf 82' lang='lat' dir='ltr'>carta</span> <span class='ocrx_word' id='word_1_76' title='bbox 621 1574 824 1638; x_wconf 87' lang='lat' dir='ltr'>confirmasse</span> <span class='ocrx_word' id='word_1_77' title='bbox 835 1574 906 1637; x_wconf 90' lang='lat' dir='ltr'>Deo</span> <span class='ocrx_word' id='word_1_78' title='bbox 918 1580 951 1637; x_wconf 89' lang='lat' dir='ltr'>et</span> <span class='ocrx_word' id='word_1_79' title='bbox 962 1573 1113 1637; x_wconf 81' lang='lat' dir='ltr'>Ecclesiae</span> <span class='ocrx_word' id='word_1_80' title='bbox 1124 1574 1234 1638; x_wconf 83' lang='lat' dir='ltr'>Sancti</span> <span class='ocrx_word' id='word_1_81' title='bbox 1245 1570 1337 1677; x_wconf 53' lang='lat' dir='ltr'>ml</span> <span class='ocrx_word' id='word_1_82' title='bbox 1343 1584 1399 1678; x_wconf 47' lang='lat' dir='ltr'>:int</span> 
     </span>
    </p>
   </div>
   <div class='ocr_carea' id='block_1_8' title="bbox 98 1672 1398 1795">
    <p class='ocr_par' dir='ltr' id='par_1_10' title="bbox 98 1672 1398 1795">
     <span class='ocr_line' id='line_1_11' title="bbox 98 1672 1398 1795; baseline 0.002 -60"><span class='ocrx_word' id='word_1_83' title='bbox 98 1672 185 1736; x_wconf 88' lang='lat' dir='ltr'>Petri</span> <span class='ocrx_word' id='word_1_84' title='bbox 200 1678 233 1736; x_wconf 91' lang='lat' dir='ltr'>et</span> <span class='ocrx_word' id='word_1_85' title='bbox 248 1673 374 1738; x_wconf 82' lang='lat' dir='ltr'>Sanctoe</span> <span class='ocrx_word' id='word_1_86' title='bbox 397 1672 517 1756; x_wconf 85' lang='lat' dir='ltr'>Hyldae</span> <span class='ocrx_word' id='word_1_87' title='bbox 539 1673 579 1737; x_wconf 91' lang='lat' dir='ltr'>de</span> <span class='ocrx_word' id='word_1_88' title='bbox 594 1672 760 1756; x_wconf 85' lang='lat' dir='ltr'>Whiteby,</span> <span class='ocrx_word' id='word_1_89' title='bbox 775 1679 809 1737; x_wconf 87' lang='lat' dir='ltr'>et</span> <span class='ocrx_word' id='word_1_90' title='bbox 832 1672 998 1736; x_wconf 89' lang='lat' dir='ltr'>monachis</span> <span class='ocrx_word' id='word_1_91' title='bbox 1020 1673 1142 1736; x_wconf 87' lang='lat' dir='ltr'>ibidem</span> <span class='ocrx_word' id='word_1_92' title='bbox 1163 1673 1234 1736; x_wconf 90' lang='lat' dir='ltr'>Deo</span> <span class='ocrx_word' id='word_1_93' title='bbox 1247 1688 1328 1748; x_wconf 67' lang='lat' dir='ltr'>otis,</span> <span class='ocrx_word' id='word_1_94' title='bbox 1339 1703 1398 1795; x_wconf 61' lang='grc' dir='ltr'>μζ-</span> 
     </span>
    </p>
   </div>
   <div class='ocr_carea' id='block_1_9' title="bbox 97 1747 1400 1855">
    <p class='ocr_par' dir='ltr' id='par_1_11' title="bbox 97 1747 1400 1855">
     <span class='ocr_line' id='line_1_12' title="bbox 97 1747 1400 1855; baseline 0.002 -20"><span class='ocrx_word' id='word_1_95' title='bbox 97 1771 319 1848; x_wconf 85' lang='lat' dir='ltr'>servientibus,</span> <span class='ocrx_word' id='word_1_96' title='bbox 339 1771 381 1834; x_wconf 91' lang='lat' dir='ltr'>ad</span> <span class='ocrx_word' id='word_1_97' title='bbox 403 1770 661 1835; x_wconf 83' lang='lat' dir='ltr'>emendationem</span> <span class='ocrx_word' id='word_1_98' title='bbox 682 1770 846 1848; x_wconf 90' lang='lat' dir='ltr'>librorum,</span> <span class='ocrx_word' id='word_1_99' title='bbox 862 1776 1000 1854; x_wconf 92' lang='lat' dir='ltr'>quatuor</span> <span class='ocrx_word' id='word_1_100' title='bbox 1024 1770 1142 1834; x_wconf 90' lang='lat' dir='ltr'>solidos</span> <span class='ocrx_word' id='word_1_101' title='bbox 1164 1770 1234 1834; x_wconf 89' lang='lat' dir='ltr'>red·</span> <span class='ocrx_word' id='word_1_102' title='bbox 1247 1747 1400 1855; x_wconf 37' lang='lat' dir='ltr'>{mx</span> 
     </span>
    </p>
   </div>
   <div class='ocr_carea' id='block_1_10' title="bbox 97 1865 1400 1985">
    <p class='ocr_par' dir='ltr' id='par_1_12' title="bbox 97 1865 1400 1985">
     <span class='ocr_line' id='line_1_13' title="bbox 97 1865 1400 1985; baseline -0.007 -49"><span class='ocrx_word' id='word_1_103' title='bbox 97 1870 194 1948; x_wconf 86' lang='lat' dir='ltr'>ditus,</span> <span class='ocrx_word' id='word_1_104' title='bbox 208 1890 266 1954; x_wconf 87' lang='lat' dir='ltr'>per</span> <span class='ocrx_word' id='word_1_105' title='bbox 287 1891 403 1935; x_wconf 87' lang='lat' dir='ltr'>manus</span> <span class='ocrx_word' id='word_1_106' title='bbox 425 1871 634 1935; x_wconf 85' lang='lat' dir='ltr'>Praecentoris</span> <span class='ocrx_word' id='word_1_107' title='bbox 655 1871 933 1955; x_wconf 88' lang='lat' dir='ltr'>percipiendomm</span> <span class='ocrx_word' id='word_1_108' title='bbox 956 1870 996 1935; x_wconf 89' lang='lat' dir='ltr'>de</span> <span class='ocrx_word' id='word_1_109' title='bbox 1018 1870 1113 1934; x_wconf 93' lang='lat' dir='ltr'>domo</span> <span class='ocrx_word' id='word_1_110' title='bbox 1136 1865 1400 1985; x_wconf 53' lang='lat' dir='ltr'>Alex-{fflssjffi</span> 
     </span>
    </p>
   </div>
   <div class='ocr_carea' id='block_1_11' title="bbox 97 1968 1346 2052">
    <p class='ocr_par' dir='ltr' id='par_1_13' title="bbox 97 1968 1346 2052">
     <span class='ocr_line' id='line_1_14' title="bbox 97 1968 1346 2052; baseline -0.002 -19"><span class='ocrx_word' id='word_1_111' title='bbox 97 1968 191 2033; x_wconf 86' lang='lat' dir='ltr'>andri</span> <span class='ocrx_word' id='word_1_112' title='bbox 233 1969 390 2045; x_wconf 72' lang='lat' dir='ltr'>Teutonis,</span> <span class='ocrx_word' id='word_1_113' title='bbox 427 1971 581 2052; x_wconf 88' lang='lat' dir='ltr'>proxima,</span> <span class='ocrx_word' id='word_1_114' title='bbox 619 1968 780 2045; x_wconf 88' lang='lat' dir='ltr'>videlicet,</span> <span class='ocrx_word' id='word_1_115' title='bbox 817 1969 929 2033; x_wconf 92' lang='lat' dir='ltr'>domui</span> <span class='ocrx_word' id='word_1_116' title='bbox 965 1969 1125 2033; x_wconf 89' lang='lat' dir='ltr'>Willelmi</span> <span class='ocrx_word' id='word_1_117' title='bbox 1168 1970 1235 2035; x_wconf 89' lang='lat' dir='ltr'>filio</span> <span class='ocrx_word' id='word_1_118' title='bbox 1248 1983 1346 2031; x_wconf 64' lang='lat' dir='ltr'>donem</span> 
     </span>
    </p>
   </div>
   <div class='ocr_carea' id='block_1_12' title="bbox 99 2043 1363 2152">
    <p class='ocr_par' dir='ltr' id='par_1_14' title="bbox 99 2043 1363 2152">
     <span class='ocr_line' id='line_1_15' title="bbox 99 2043 1363 2152; baseline -0.021 3"><span class='ocrx_word' id='word_1_119' title='bbox 99 2068 299 2148; x_wconf 58' lang='lat' dir='ltr'>Pelfflssfflaet</span> <span class='ocrx_word' id='word_1_120' title='bbox 320 2089 419 2152; x_wconf 72' lang='lat' dir='ltr'>quam</span> <span class='ocrx_word' id='word_1_121' title='bbox 440 2069 573 2151; x_wconf 87' lang='lat' dir='ltr'>quidem</span> <span class='ocrx_word' id='word_1_122' title='bbox 592 2068 725 2131; x_wconf 91' lang='lat' dir='ltr'>domum</span> <span class='ocrx_word' id='word_1_123' title='bbox 739 2068 910 2151; x_wconf 72' lang='lat' dir='ltr'>praedictus</span> <span class='ocrx_word' id='word_1_124' title='bbox 930 2069 1115 2133; x_wconf 83' lang='lat' dir='ltr'>Alexander</span> <span class='ocrx_word' id='word_1_125' title='bbox 1129 2069 1169 2133; x_wconf 91' lang='lat' dir='ltr'>de</span> <span class='ocrx_word' id='word_1_126' title='bbox 1183 2090 1235 2133; x_wconf 91' lang='lat' dir='ltr'>me</span> <span class='ocrx_word' id='word_1_127' title='bbox 1247 2043 1363 2150; x_wconf 48' lang='lat' dir='ltr'>{mm</span> 
     </span>
    </p>
   </div>
   <div class='ocr_carea' id='block_1_13' title="bbox 96 2161 1354 2279">
    <p class='ocr_par' dir='ltr' id='par_1_15' title="bbox 96 2161 1354 2279">
     <span class='ocr_line' id='line_1_16' title="bbox 96 2161 1354 2279; baseline -0.001 -47"><span class='ocrx_word' id='word_1_128' title='bbox 96 2168 204 2232; x_wconf 85' lang='lat' dir='ltr'>tenuit</span> <span class='ocrx_word' id='word_1_129' title='bbox 217 2188 275 2251; x_wconf 89' lang='lat' dir='ltr'>pro</span> <span class='ocrx_word' id='word_1_130' title='bbox 289 2173 428 2251; x_wconf 86' lang='lat' dir='ltr'>quatuor</span> <span class='ocrx_word' id='word_1_131' title='bbox 441 2168 552 2232; x_wconf 91' lang='lat' dir='ltr'>solidis</span> <span class='ocrx_word' id='word_1_132' title='bbox 567 2168 693 2231; x_wconf 89' lang='lat' dir='ltr'>annuis.</span> <span class='ocrx_word' id='word_1_133' title='bbox 737 2169 805 2252; x_wconf 84' lang='lat' dir='ltr'>Ego</span> <span class='ocrx_word' id='word_1_134' title='bbox 819 2189 894 2232; x_wconf 85' lang='lat' dir='ltr'>vero</span> <span class='ocrx_word' id='word_1_135' title='bbox 910 2167 1031 2252; x_wconf 85' lang='lat' dir='ltr'>Symon</span> <span class='ocrx_word' id='word_1_136' title='bbox 1047 2174 1079 2231; x_wconf 89' lang='lat' dir='ltr'>et</span> <span class='ocrx_word' id='word_1_137' title='bbox 1094 2168 1235 2233; x_wconf 85' lang='lat' dir='ltr'>haeredes</span> <span class='ocrx_word' id='word_1_138' title='bbox 1247 2161 1354 2279; x_wconf 46' lang='lat'>{2⁸¹2}</span> 
     </span>
    </p>
   </div>
   <div class='ocr_carea' id='block_1_14' title="bbox 96 2270 1393 2354">
    <p class='ocr_par' dir='ltr' id='par_1_16' title="bbox 96 2270 1393 2354">
     <span class='ocr_line' id='line_1_17' title="bbox 96 2270 1393 2354; baseline 0 -21"><span class='ocrx_word' id='word_1_139' title='bbox 96 2270 163 2334; x_wconf 89' lang='lat' dir='ltr'>mei</span> <span class='ocrx_word' id='word_1_140' title='bbox 176 2270 301 2335; x_wconf 87' lang='lat' dir='ltr'>dictum</span> <span class='ocrx_word' id='word_1_141' title='bbox 315 2270 478 2335; x_wconf 85' lang='lat' dir='ltr'>redditum</span> <span class='ocrx_word' id='word_1_142' title='bbox 492 2270 655 2354; x_wconf 73' lang='lat' dir='ltr'>praedictis</span> <span class='ocrx_word' id='word_1_143' title='bbox 670 2271 835 2334; x_wconf 88' lang='lat' dir='ltr'>monachis</span> <span class='ocrx_word' id='word_1_144' title='bbox 858 2278 891 2334; x_wconf 89' lang='lat' dir='ltr'>et</span> <span class='ocrx_word' id='word_1_145' title='bbox 912 2291 1023 2335; x_wconf 91' lang='lat' dir='ltr'>eorum</span> <span class='ocrx_word' id='word_1_146' title='bbox 1046 2272 1234 2336; x_wconf 83' lang='lat' dir='ltr'>successori·</span> <span class='ocrx_word' id='word_1_147' title='bbox 1247 2279 1304 2326; x_wconf 77' lang='lat' dir='ltr'>held</span> <span class='ocrx_word' id='word_1_148' title='bbox 1315 2280 1393 2328; x_wconf 79' lang='lat' dir='ltr'>osche</span> 
     </span>
    </p>
   </div>
   <div class='ocr_carea' id='block_1_15' title="bbox 96 2343 1353 2437">
    <p class='ocr_par' dir='ltr' id='par_1_17' title="bbox 96 2343 1353 2437">
     <span class='ocr_line' id='line_1_18' title="bbox 96 2343 1353 2437; baseline 0 -3"><span class='ocrx_word' id='word_1_149' title='bbox 96 2370 159 2435; x_wconf 87' lang='lat' dir='ltr'>hus</span> <span class='ocrx_word' id='word_1_150' title='bbox 180 2378 292 2434; x_wconf 90' lang='lat' dir='ltr'>contra</span> <span class='ocrx_word' id='word_1_151' title='bbox 313 2390 423 2435; x_wconf 87' lang='lat' dir='ltr'>omnes</span> <span class='ocrx_word' id='word_1_152' title='bbox 445 2371 592 2434; x_wconf 88' lang='lat' dir='ltr'>homines</span> <span class='ocrx_word' id='word_1_153' title='bbox 615 2371 893 2435; x_wconf 82' lang='lat' dir='ltr'>warantizabimus</span> <span class='ocrx_word' id='word_1_154' title='bbox 916 2376 949 2436; x_wconf 92' lang='lat' dir='ltr'>et</span> <span class='ocrx_word' id='word_1_155' title='bbox 970 2371 1178 2437; x_wconf 88' lang='lat' dir='ltr'>defendemus</span> <span class='ocrx_word' id='word_1_156' title='bbox 1198 2372 1234 2434; x_wconf 92' lang='lat' dir='ltr'>in</span> <span class='ocrx_word' id='word_1_157' title='bbox 1247 2343 1353 2398; x_wconf 64' lang='lat' dir='ltr'>grator.</span> 
     </span>
    </p>
   </div>
   <div class='ocr_carea' id='block_1_16' title="bbox 94 2468 1234 3151">
    <p class='ocr_par' dir='ltr' id='par_1_18' title="bbox 94 2468 1234 3151">
     <span class='ocr_line' id='line_1_19' title="bbox 96 2468 1233 2555; baseline 0.002 -22"><span class='ocrx_word' id='word_1_158' title='bbox 96 2475 296 2555; x_wconf 85' lang='lat' dir='ltr'>perpetuum.</span> <span class='ocrx_word' id='word_1_159' title='bbox 340 2469 384 2533; x_wconf 88' lang='lat' dir='ltr'>Et</span> <span class='ocrx_word' id='word_1_160' title='bbox 408 2475 448 2534; x_wconf 90' lang='lat' dir='ltr'>ut</span> <span class='ocrx_word' id='word_1_161' title='bbox 472 2468 542 2534; x_wconf 85' lang='lat' dir='ltr'>haec</span> <span class='ocrx_word' id='word_1_162' title='bbox 564 2489 635 2533; x_wconf 90' lang='lat' dir='ltr'>mea</span> <span class='ocrx_word' id='word_1_163' title='bbox 657 2469 796 2548; x_wconf 89' lang='lat' dir='ltr'>donatio,</span> <span class='ocrx_word' id='word_1_164' title='bbox 819 2471 981 2535; x_wconf 86' lang='lat' dir='ltr'>concessio</span> <span class='ocrx_word' id='word_1_165' title='bbox 1008 2477 1041 2535; x_wconf 88' lang='lat' dir='ltr'>et</span> <span class='ocrx_word' id='word_1_166' title='bbox 1066 2471 1233 2555; x_wconf 86' lang='lat' dir='ltr'>praesentis</span> 
     </span>
     <span class='ocr_line' id='line_1_20' title="bbox 96 2569 1233 2654; baseline -0.001 -19"><span class='ocrx_word' id='word_1_167' title='bbox 96 2577 193 2635; x_wconf 84' lang='lat' dir='ltr'>cartae</span> <span class='ocrx_word' id='word_1_168' title='bbox 214 2570 413 2634; x_wconf 87' lang='lat' dir='ltr'>confirmatio</span> <span class='ocrx_word' id='word_1_169' title='bbox 435 2576 599 2653; x_wconf 74' lang='lat' dir='ltr'>perpetua</span> <span class='ocrx_word' id='word_1_170' title='bbox 621 2569 783 2634; x_wconf 88' lang='lat' dir='ltr'>firmitatis</span> <span class='ocrx_word' id='word_1_171' title='bbox 805 2570 902 2635; x_wconf 90' lang='lat' dir='ltr'>robur</span> <span class='ocrx_word' id='word_1_172' title='bbox 916 2571 1062 2654; x_wconf 90' lang='lat' dir='ltr'>optineat</span> <span class='ocrx_word' id='word_1_173' title='bbox 1076 2572 1112 2634; x_wconf 91' lang='lat' dir='ltr'>in</span> <span class='ocrx_word' id='word_1_174' title='bbox 1127 2577 1233 2654; x_wconf 73' lang='lat' dir='ltr'>poste</span> 
     </span>
     <span class='ocr_line' id='line_1_21' title="bbox 96 2669 1233 2753; baseline -0.002 -19"><span class='ocrx_word' id='word_1_175' title='bbox 96 2691 178 2747; x_wconf 86' lang='lat' dir='ltr'>rum,</span> <span class='ocrx_word' id='word_1_176' title='bbox 200 2689 339 2753; x_wconf 83' lang='lat' dir='ltr'>praesens</span> <span class='ocrx_word' id='word_1_177' title='bbox 361 2669 517 2752; x_wconf 88' lang='lat' dir='ltr'>scriptum</span> <span class='ocrx_word' id='word_1_178' title='bbox 539 2669 639 2752; x_wconf 83' lang='lat' dir='ltr'>sigilli</span> <span class='ocrx_word' id='word_1_179' title='bbox 661 2670 726 2733; x_wconf 90' lang='lat' dir='ltr'>mei</span> <span class='ocrx_word' id='word_1_180' title='bbox 749 2670 927 2734; x_wconf 89' lang='lat' dir='ltr'>munimine</span> <span class='ocrx_word' id='word_1_181' title='bbox 949 2670 1104 2735; x_wconf 89' lang='lat' dir='ltr'>roboravi.</span> <span class='ocrx_word' id='word_1_182' title='bbox 1158 2671 1233 2733; x_wconf 88' lang='lat' dir='ltr'>Hiis</span> 
     </span>
     <span class='ocr_line' id='line_1_22' title="bbox 94 2768 1234 2852; baseline 0.002 -20"><span class='ocrx_word' id='word_1_183' title='bbox 94 2769 242 2833; x_wconf 88' lang='lat' dir='ltr'>testibus.</span> <span class='ocrx_word' id='word_1_184' title='bbox 286 2768 452 2832; x_wconf 89' lang='lat' dir='ltr'>Willelmo</span> <span class='ocrx_word' id='word_1_185' title='bbox 467 2768 507 2832; x_wconf 88' lang='lat' dir='ltr'>de</span> <span class='ocrx_word' id='word_1_186' title='bbox 524 2768 699 2845; x_wconf 88' lang='lat' dir='ltr'>Lincolnia‚</span> <span class='ocrx_word' id='word_1_187' title='bbox 711 2773 790 2832; x_wconf 92' lang='lat' dir='ltr'>tunc</span> <span class='ocrx_word' id='word_1_188' title='bbox 806 2769 986 2834; x_wconf 85' lang='lat' dir='ltr'>Senescallo</span> <span class='ocrx_word' id='word_1_189' title='bbox 1003 2769 1041 2832; x_wconf 91' lang='lat' dir='ltr'>de</span> <span class='ocrx_word' id='word_1_190' title='bbox 1056 2769 1234 2852; x_wconf 86' lang='lat' dir='ltr'>Whiteby.¹</span> 
     </span>
     <span class='ocr_line' id='line_1_23' title="bbox 96 2867 1233 2953; baseline -0.001 -22"><span class='ocrx_word' id='word_1_191' title='bbox 96 2867 245 2932; x_wconf 76' lang='lat' dir='ltr'>Galbido</span> <span class='ocrx_word' id='word_1_192' title='bbox 267 2867 385 2945; x_wconf 85' lang='lat' dir='ltr'>Scotto,</span> <span class='ocrx_word' id='word_1_193' title='bbox 407 2874 486 2932; x_wconf 88' lang='lat' dir='ltr'>tunc</span> <span class='ocrx_word' id='word_1_194' title='bbox 508 2867 636 2931; x_wconf 86' lang='lat' dir='ltr'>lelivo</span> <span class='ocrx_word' id='word_1_195' title='bbox 660 2868 699 2933; x_wconf 91' lang='lat' dir='ltr'>de</span> <span class='ocrx_word' id='word_1_196' title='bbox 721 2868 888 2953; x_wconf 88' lang='lat' dir='ltr'>Whiteby.</span> <span class='ocrx_word' id='word_1_197' title='bbox 933 2870 1072 2952; x_wconf 88' lang='lat' dir='ltr'>Hugone</span> <span class='ocrx_word' id='word_1_198' title='bbox 1099 2869 1138 2932; x_wconf 90' lang='lat' dir='ltr'>de</span> <span class='ocrx_word' id='word_1_199' title='bbox 1160 2871 1233 2933; x_wconf 88' lang='lat' dir='ltr'>Sar-</span> 
     </span>
     <span class='ocr_line' id='line_1_24' title="bbox 95 2967 1232 3033; baseline -0.001 -1"><span class='ocrx_word' id='word_1_200' title='bbox 95 2967 191 3032; x_wconf 85' lang='lat' dir='ltr'>trino.</span> <span class='ocrx_word' id='word_1_201' title='bbox 235 2967 382 3032; x_wconf 84' lang='lat' dir='ltr'>Galfrido</span> <span class='ocrx_word' id='word_1_202' title='bbox 404 2968 524 3032; x_wconf 90' lang='lat' dir='ltr'>Penok.</span> <span class='ocrx_word' id='word_1_203' title='bbox 569 2968 664 3032; x_wconf 86' lang='lat' dir='ltr'>Petro</span> <span class='ocrx_word' id='word_1_204' title='bbox 680 2968 720 3032; x_wconf 93' lang='lat' dir='ltr'>de</span> <span class='ocrx_word' id='word_1_205' title='bbox 742 2969 918 3033; x_wconf 88' lang='lat' dir='ltr'>Lincolnia</span> <span class='ocrx_word' id='word_1_206' title='bbox 964 2968 1093 3031; x_wconf 83' lang='lat' dir='ltr'>Andrea</span> <span class='ocrx_word' id='word_1_207' title='bbox 1115 2968 1232 3031; x_wconf 88' lang='lat' dir='ltr'>Scotte.</span> 
     </span>
     <span class='ocr_line' id='line_1_25' title="bbox 96 3066 951 3151; baseline -0.001 -21"><span class='ocrx_word' id='word_1_208' title='bbox 96 3066 221 3151; x_wconf 83' lang='lat' dir='ltr'>Rogero</span> <span class='ocrx_word' id='word_1_209' title='bbox 237 3067 276 3131; x_wconf 90' lang='lat' dir='ltr'>de</span> <span class='ocrx_word' id='word_1_210' title='bbox 291 3067 424 3132; x_wconf 73' lang='lat' dir='ltr'>Gelasio.</span> <span class='ocrx_word' id='word_1_211' title='bbox 469 3068 591 3131; x_wconf 86' lang='lat' dir='ltr'>Thoma</span> <span class='ocrx_word' id='word_1_212' title='bbox 605 3067 799 3147; x_wconf 90' lang='lat' dir='ltr'>Marscallo;</span> <span class='ocrx_word' id='word_1_213' title='bbox 822 3074 855 3131; x_wconf 89' lang='lat' dir='ltr'>et</span> <span class='ocrx_word' id='word_1_214' title='bbox 870 3067 951 3131; x_wconf 86' lang='lat' dir='ltr'>aliis.</span> 
     </span>
    </p>
   </div>
   <div class='ocr_carea' id='block_1_17' title="bbox 136 3239 1198 3404">
    <p class='ocr_par' dir='ltr' id='par_1_19' title="bbox 136 3239 1198 3404">
     <span class='ocr_line' id='line_1_26' title="bbox 136 3239 1198 3305; baseline -0.001 -3"><span class='ocrx_word' id='word_1_215' title='bbox 136 3239 196 3304; x_wconf 87' lang='lat' dir='ltr'>XI.</span> <span class='ocrx_word' id='word_1_216' title='bbox 218 3239 330 3303; x_wconf 75' lang='lat' dir='ltr'>Anum</span> <span class='ocrx_word' id='word_1_217' title='bbox 345 3255 591 3304; x_wconf 74' lang='lat' dir='ltr'>numentinum</span> <span class='ocrx_word' id='word_1_218' title='bbox 606 3257 735 3305; x_wconf 79' lang='lat' dir='ltr'>norrun</span> <span class='ocrx_word' id='word_1_219' title='bbox 750 3257 786 3304; x_wconf 85' lang='lat' dir='ltr'>m</span> <span class='ocrx_word' id='word_1_220' title='bbox 802 3241 973 3305; x_wconf 79' lang='lat' dir='ltr'>Kmuomr</span> <span class='ocrx_word' id='word_1_221' title='bbox 989 3241 1140 3304; x_wconf 78' lang='lat' dir='ltr'><strong>JOHANNI</strong></span> <span class='ocrx_word' id='word_1_222' title='bbox 1156 3256 1198 3302; x_wconf 86' lang='lat' dir='ltr'>nn</span> 
     </span>
     <span class='ocr_line' id='line_1_27' title="bbox 580 3340 755 3404; baseline 0.006 -1"><span class='ocrx_word' id='word_1_223' title='bbox 580 3340 755 3404; x_wconf 81' lang='lat' dir='ltr'>Fourraus.</span> 
     </span>
    </p>
   </div>
   <div class='ocr_carea' id='block_1_18' title="bbox 142 3473 1233 3560">
    <p class='ocr_par' dir='ltr' id='par_1_20' title="bbox 142 3473 1233 3560">
     <span class='ocr_line' id='line_1_28' title="bbox 142 3473 1233 3560; baseline 0.005 -21"><span class='ocrx_word' id='word_1_224' title='bbox 142 3476 223 3540; x_wconf 86' lang='lat' dir='ltr'>Haec</span> <span class='ocrx_word' id='word_1_225' title='bbox 249 3473 445 3540; x_wconf 74' lang='lat' dir='ltr'>Indentura²</span> <span class='ocrx_word' id='word_1_226' title='bbox 469 3475 555 3540; x_wconf 81' lang='lat' dir='ltr'>iacta</span> <span class='ocrx_word' id='word_1_227' title='bbox 580 3476 666 3541; x_wconf 90' lang='lat' dir='ltr'>inter</span> <span class='ocrx_word' id='word_1_228' title='bbox 691 3477 870 3560; x_wconf 84' lang='lat' dir='ltr'>Religiosos</span> <span class='ocrx_word' id='word_1_229' title='bbox 894 3476 989 3555; x_wconf 87' lang='lat' dir='ltr'>viros,</span> <span class='ocrx_word' id='word_1_230' title='bbox 1011 3479 1171 3544; x_wconf 86' lang='lat' dir='ltr'>Abbatem</span> <span class='ocrx_word' id='word_1_231' title='bbox 1200 3487 1233 3544; x_wconf 91' lang='lat' dir='ltr'>et</span> 
     </span>
    </p>
   </div>
   <div class='ocr_carea' id='block_1_19' title="bbox 95 3597 1235 4499">
    <p class='ocr_par' dir='ltr' id='par_1_21' title="bbox 95 3597 1235 4080">
     <span class='ocr_line' id='line_1_29' title="bbox 134 3597 1234 3672; baseline 0.004 -21"><span class='ocrx_word' id='word_1_232' title='bbox 134 3597 146 3633; x_wconf 87' lang='lat'>¹</span> <span class='ocrx_word' id='word_1_233' title='bbox 158 3599 230 3653; x_wconf 75' lang='lat' dir='ltr'>will</span> <span class='ocrx_word' id='word_1_234' title='bbox 242 3600 276 3653; x_wconf 87' lang='lat' dir='ltr'>de</span> <span class='ocrx_word' id='word_1_235' title='bbox 288 3600 400 3653; x_wconf 87' lang='lat' dir='ltr'>Lincoln</span> <span class='ocrx_word' id='word_1_236' title='bbox 411 3617 467 3653; x_wconf 74' lang='lat' dir='ltr'>was</span> <span class='ocrx_word' id='word_1_237' title='bbox 478 3601 619 3655; x_wconf 72' lang='lat' dir='ltr'>Senmchal</span> <span class='ocrx_word' id='word_1_238' title='bbox 631 3602 660 3653; x_wconf 79' lang='lat' dir='ltr'>oi</span> <span class='ocrx_word' id='word_1_239' title='bbox 672 3602 794 3668; x_wconf 81' lang='lat' dir='ltr'>Whitby,</span> <span class='ocrx_word' id='word_1_240' title='bbox 805 3619 835 3653; x_wconf 92' lang='lat' dir='ltr'>or</span> <span class='ocrx_word' id='word_1_241' title='bbox 847 3602 961 3655; x_wconf 75' lang='lat' dir='ltr'>Abbot’s</span> <span class='ocrx_word' id='word_1_242' title='bbox 973 3603 1121 3666; x_wconf 76' lang='lat' dir='ltr'>Senaschul,</span> <span class='ocrx_word' id='word_1_243' title='bbox 1137 3604 1234 3672; x_wconf 80' lang='lat' dir='ltr'>during</span> 
     </span>
     <span class='ocr_line' id='line_1_30' title="bbox 95 3683 1234 3752; baseline 0.003 -15"><span class='ocrx_word' id='word_1_244' title='bbox 95 3683 146 3737; x_wconf 73' lang='lat' dir='ltr'>che</span> <span class='ocrx_word' id='word_1_245' title='bbox 169 3683 344 3752; x_wconf 77' lang='lat' dir='ltr'>incumhency</span> <span class='ocrx_word' id='word_1_246' title='bbox 364 3684 393 3735; x_wconf 81' lang='lat' dir='ltr'>oi</span> <span class='ocrx_word' id='word_1_247' title='bbox 414 3684 509 3737; x_wconf 79' lang='lat' dir='ltr'>Abbot</span> <span class='ocrx_word' id='word_1_248' title='bbox 529 3684 650 3736; x_wconf 70' lang='lat' dir='ltr'>william</span> <span class='ocrx_word' id='word_1_249' title='bbox 671 3685 705 3736; x_wconf 89' lang='lat' dir='ltr'>de</span> <span class='ocrx_word' id='word_1_250' title='bbox 730 3685 871 3747; x_wconf 83' lang='lat' dir='ltr'>Kirkham,</span> <span class='ocrx_word' id='word_1_251' title='bbox 893 3685 955 3737; x_wconf 90' lang='lat' dir='ltr'>who</span> <span class='ocrx_word' id='word_1_252' title='bbox 976 3687 1121 3739; x_wconf 85' lang='lat' dir='ltr'>sucoeeded</span> <span class='ocrx_word' id='word_1_253' title='bbox 1141 3688 1234 3741; x_wconf 82' lang='lat' dir='ltr'>Abbot</span> 
     </span>
     <span class='ocr_line' id='line_1_31' title="bbox 96 3767 1234 3836; baseline 0.003 -16"><span class='ocrx_word' id='word_1_254' title='bbox 96 3767 200 3821; x_wconf 61' lang='lat' dir='ltr'>nobee</span> <span class='ocrx_word' id='word_1_255' title='bbox 216 3767 250 3819; x_wconf 84' lang='lat' dir='ltr'>de</span> <span class='ocrx_word' id='word_1_256' title='bbox 268 3767 397 3836; x_wconf 69' lang='lat' dir='ltr'>Inugtoit</span> <span class='ocrx_word' id='word_1_257' title='bbox 414 3767 465 3830; x_wconf 84' lang='lat' dir='ltr'>(ob.</span> <span class='ocrx_word' id='word_1_258' title='bbox 483 3769 570 3831; x_wconf 80' lang='lat'>1278),</span> <span class='ocrx_word' id='word_1_259' title='bbox 583 3767 637 3818; x_wconf 81' lang='lat' dir='ltr'>and</span> <span class='ocrx_word' id='word_1_260' title='bbox 654 3767 715 3818; x_wconf 89' lang='lat' dir='ltr'>died</span> <span class='ocrx_word' id='word_1_261' title='bbox 733 3769 761 3820; x_wconf 92' lang='lat' dir='ltr'>in</span> <span class='ocrx_word' id='word_1_262' title='bbox 782 3771 856 3821; x_wconf 81' lang='lat'>1³04.</span> <span class='ocrx_word' id='word_1_263' title='bbox 895 3769 1014 3821; x_wconf 83' lang='lat' dir='ltr'>William</span> <span class='ocrx_word' id='word_1_264' title='bbox 1031 3771 1065 3822; x_wconf 83' lang='lat' dir='ltr'>de</span> <span class='ocrx_word' id='word_1_265' title='bbox 1083 3771 1193 3823; x_wconf 89' lang='lat' dir='ltr'>Lincoln</span> <span class='ocrx_word' id='word_1_266' title='bbox 1210 3772 1234 3823; x_wconf 81' lang='lat' dir='ltr'>is</span> 
     </span>
     <span class='ocr_line' id='line_1_32' title="bbox 97 3849 1232 3916; baseline 0.002 -14"><span class='ocrx_word' id='word_1_267' title='bbox 97 3850 129 3903; x_wconf 86' lang='grc' dir='ltr'>Τ.</span> <span class='ocrx_word' id='word_1_268' title='bbox 142 3854 172 3902; x_wconf 79' lang='lat' dir='ltr'>to</span> <span class='ocrx_word' id='word_1_269' title='bbox 183 3867 199 3901; x_wconf 77' lang='lat' dir='ltr'><strong>a</strong></span> <span class='ocrx_word' id='word_1_270' title='bbox 211 3850 343 3903; x_wconf 80' lang='lat' dir='ltr'>Convenit</span> <span class='ocrx_word' id='word_1_271' title='bbox 356 3849 478 3901; x_wconf 83' lang='lat' dir='ltr'>between</span> <span class='ocrx_word' id='word_1_272' title='bbox 490 3851 582 3902; x_wconf 85' lang='lat' dir='ltr'>Abbot</span> <span class='ocrx_word' id='word_1_273' title='bbox 594 3850 714 3903; x_wconf 89' lang='lat' dir='ltr'>William</span> <span class='ocrx_word' id='word_1_274' title='bbox 731 3851 785 3902; x_wconf 89' lang='lat' dir='ltr'>and</span> <span class='ocrx_word' id='word_1_275' title='bbox 797 3852 917 3903; x_wconf 75' lang='lat' dir='ltr'>william</span> <span class='ocrx_word' id='word_1_276' title='bbox 933 3852 1080 3905; x_wconf 82' lang='lat' dir='ltr'>fitzRobert</span> <span class='ocrx_word' id='word_1_277' title='bbox 1092 3854 1126 3906; x_wconf 89' lang='lat' dir='ltr'>de</span> <span class='ocrx_word' id='word_1_278' title='bbox 1146 3854 1232 3916; x_wconf 81' lang='lat' dir='ltr'>Deles,</span> 
     </span>
     <span class='ocr_line' id='line_1_33' title="bbox 95 3932 1235 4003; baseline 0 -17"><span class='ocrx_word' id='word_1_279' title='bbox 95 3933 180 3986; x_wconf 76' lang='lat' dir='ltr'>dated</span> <span class='ocrx_word' id='word_1_280' title='bbox 194 3935 269 3986; x_wconf 80' lang='lat'>1286.</span> <span class='ocrx_word' id='word_1_281' title='bbox 306 3932 358 3984; x_wconf 80' lang='lat' dir='ltr'>His</span> <span class='ocrx_word' id='word_1_282' title='bbox 374 3949 453 3984; x_wconf 76' lang='lat' dir='ltr'>name</span> <span class='ocrx_word' id='word_1_283' title='bbox 471 3932 494 3984; x_wconf 80' lang='lat' dir='ltr'>is</span> <span class='ocrx_word' id='word_1_284' title='bbox 512 3933 664 3999; x_wconf 82' lang='lat' dir='ltr'>frequently</span> <span class='ocrx_word' id='word_1_285' title='bbox 676 3938 732 3986; x_wconf 90' lang='lat' dir='ltr'>met</span> <span class='ocrx_word' id='word_1_286' title='bbox 743 3934 810 3985; x_wconf 90' lang='lat' dir='ltr'>with</span> <span class='ocrx_word' id='word_1_287' title='bbox 827 3935 943 3986; x_wconf 82' lang='lat' dir='ltr'>without</span> <span class='ocrx_word' id='word_1_288' title='bbox 960 3936 1008 3987; x_wconf 85' lang='lat' dir='ltr'>the</span> <span class='ocrx_word' id='word_1_289' title='bbox 1025 3935 1235 4003; x_wconf 81' lang='lat' dir='ltr'>distinguishing</span> 
     </span>
     <span class='ocr_line' id='line_1_34' title="bbox 95 4015 1187 4080; baseline 0.001 -11"><span class='ocrx_word' id='word_1_290' title='bbox 95 4016 160 4069; x_wconf 73' lang='lat' dir='ltr'>title</span> <span class='ocrx_word' id='word_1_291' title='bbox 172 4016 201 4067; x_wconf 78' lang='lat' dir='ltr'>oi</span> <span class='ocrx_word' id='word_1_292' title='bbox 213 4015 382 4080; x_wconf 71' lang='lat' dir='ltr'>Senescullus,</span> <span class='ocrx_word' id='word_1_293' title='bbox 396 4016 424 4066; x_wconf 90' lang='lat' dir='ltr'>in</span> <span class='ocrx_word' id='word_1_294' title='bbox 436 4019 507 4067; x_wconf 85' lang='lat' dir='ltr'>most</span> <span class='ocrx_word' id='word_1_295' title='bbox 519 4015 547 4067; x_wconf 82' lang='lat' dir='ltr'>oi</span> <span class='ocrx_word' id='word_1_296' title='bbox 560 4015 646 4067; x_wconf 85' lang='lat' dir='ltr'>which</span> <span class='ocrx_word' id='word_1_297' title='bbox 659 4032 731 4067; x_wconf 81' lang='lat' dir='ltr'>cases</span> <span class='ocrx_word' id='word_1_298' title='bbox 742 4016 790 4067; x_wconf 89' lang='lat' dir='ltr'>tha</span> <span class='ocrx_word' id='word_1_299' title='bbox 802 4017 960 4068; x_wconf 73' lang='lat' dir='ltr'>documenta</span> <span class='ocrx_word' id='word_1_300' title='bbox 972 4017 1097 4068; x_wconf 84' lang='lat' dir='ltr'>antedate</span> <span class='ocrx_word' id='word_1_301' title='bbox 1112 4018 1187 4069; x_wconf 80' lang='lat'>1280.</span> 
     </span>
    </p>

    <p class='ocr_par' dir='ltr' id='par_1_22' title="bbox 95 4097 1235 4499">
     <span class='ocr_line' id='line_1_35' title="bbox 134 4097 1234 4166; baseline -0.001 -15"><span class='ocrx_word' id='word_1_302' title='bbox 134 4097 146 4132; x_wconf 88' lang='lat'><strong>¹</strong></span> <span class='ocrx_word' id='word_1_303' title='bbox 163 4100 229 4151; x_wconf 82' lang='lat' dir='ltr'>&#39;l&#39;his</span> <span class='ocrx_word' id='word_1_304' title='bbox 240 4099 307 4150; x_wconf 82' lang='lat' dir='ltr'>deed</span> <span class='ocrx_word' id='word_1_305' title='bbox 318 4099 341 4149; x_wconf 82' lang='lat' dir='ltr'>is</span> <span class='ocrx_word' id='word_1_306' title='bbox 352 4099 400 4151; x_wconf 82' lang='lat' dir='ltr'>the</span> <span class='ocrx_word' id='word_1_307' title='bbox 411 4099 486 4151; x_wconf 84' lang='lat' dir='ltr'>third</span> <span class='ocrx_word' id='word_1_308' title='bbox 497 4100 550 4151; x_wconf 85' lang='lat' dir='ltr'>and</span> <span class='ocrx_word' id='word_1_309' title='bbox 562 4098 623 4159; x_wconf 80' lang='lat' dir='ltr'>laet,</span> <span class='ocrx_word' id='word_1_310' title='bbox 637 4099 666 4149; x_wconf 91' lang='lat' dir='ltr'>in</span> <span class='ocrx_word' id='word_1_311' title='bbox 678 4099 755 4166; x_wconf 87' lang='lat' dir='ltr'>point</span> <span class='ocrx_word' id='word_1_312' title='bbox 767 4100 794 4150; x_wconf 85' lang='lat' dir='ltr'>oi</span> <span class='ocrx_word' id='word_1_313' title='bbox 811 4100 884 4163; x_wconf 88' lang='lat' dir='ltr'>time,</span> <span class='ocrx_word' id='word_1_314' title='bbox 897 4100 925 4150; x_wconf 85' lang='lat' dir='ltr'>oi</span> <span class='ocrx_word' id='word_1_315' title='bbox 942 4099 1026 4161; x_wconf 84' lang='lat' dir='ltr'>three,</span> <span class='ocrx_word' id='word_1_316' title='bbox 1040 4102 1094 4148; x_wconf 87' lang='lat' dir='ltr'>two</span> <span class='ocrx_word' id='word_1_317' title='bbox 1107 4099 1135 4149; x_wconf 85' lang='lat' dir='ltr'>oi</span> <span class='ocrx_word' id='word_1_318' title='bbox 1146 4098 1234 4151; x_wconf 82' lang='lat' dir='ltr'>which</span> 
     </span>
     <span class='ocr_line' id='line_1_36' title="bbox 95 4180 1234 4250; baseline -0.001 -14"><span class='ocrx_word' id='word_1_319' title='bbox 95 4182 178 4236; x_wconf 63' lang='lat' dir='ltr'>nand</span> <span class='ocrx_word' id='word_1_320' title='bbox 194 4181 318 4250; x_wconf 81' lang='lat' dir='ltr'>together</span> <span class='ocrx_word' id='word_1_321' title='bbox 334 4181 363 4233; x_wconf 90' lang='lat' dir='ltr'>in</span> <span class='ocrx_word' id='word_1_322' title='bbox 380 4181 436 4233; x_wconf 82' lang='lat' dir='ltr'>this</span> <span class='ocrx_word' id='word_1_323' title='bbox 453 4182 535 4248; x_wconf 85' lang='lat' dir='ltr'>place.</span> <span class='ocrx_word' id='word_1_324' title='bbox 571 4181 628 4242; x_wconf 79' lang='lat' dir='ltr'>The</span> <span class='ocrx_word' id='word_1_325' title='bbox 646 4186 712 4234; x_wconf 81' lang='lat' dir='ltr'>next</span> <span class='ocrx_word' id='word_1_326' title='bbox 729 4181 752 4232; x_wconf 83' lang='lat' dir='ltr'>in</span> <span class='ocrx_word' id='word_1_327' title='bbox 769 4181 816 4233; x_wconf 82' lang='lat' dir='ltr'>the</span> <span class='ocrx_word' id='word_1_328' title='bbox 835 4182 893 4233; x_wconf 84' lang='lat' dir='ltr'>first</span> <span class='ocrx_word' id='word_1_329' title='bbox 910 4183 938 4233; x_wconf 90' lang='lat' dir='ltr'>iu</span> <span class='ocrx_word' id='word_1_330' title='bbox 957 4181 1041 4242; x_wconf 89' lang='lat' dir='ltr'>order,</span> <span class='ocrx_word' id='word_1_331' title='bbox 1060 4180 1112 4230; x_wconf 83' lang='lat' dir='ltr'>and</span> <span class='ocrx_word' id='word_1_332' title='bbox 1130 4181 1179 4233; x_wconf 88' lang='lat' dir='ltr'>No.</span> <span class='ocrx_word' id='word_1_333' title='bbox 1202 4185 1234 4236; x_wconf 88' lang='grc'>19</span> 
     </span>
     <span class='ocr_line' id='line_1_37' title="bbox 96 4262 1235 4330; baseline -0.002 -10"><span class='ocrx_word' id='word_1_334' title='bbox 96 4265 203 4320; x_wconf 70' lang='lat' dir='ltr'>second</span> <span class='ocrx_word' id='word_1_335' title='bbox 247 4263 303 4315; x_wconf 79' lang='lat' dir='ltr'>The</span> <span class='ocrx_word' id='word_1_336' title='bbox 320 4263 409 4326; x_wconf 78' lang='lat' dir='ltr'>latter,</span> <span class='ocrx_word' id='word_1_337' title='bbox 429 4280 458 4316; x_wconf 82' lang='lat' dir='ltr'>ae</span> <span class='ocrx_word' id='word_1_338' title='bbox 476 4262 537 4315; x_wconf 90' lang='lat' dir='ltr'>well</span> <span class='ocrx_word' id='word_1_339' title='bbox 555 4281 585 4315; x_wconf 79' lang='lat' dir='ltr'>aa</span> <span class='ocrx_word' id='word_1_340' title='bbox 606 4263 653 4316; x_wconf 88' lang='lat' dir='ltr'>the</span> <span class='ocrx_word' id='word_1_341' title='bbox 670 4268 777 4330; x_wconf 81' lang='lat' dir='ltr'>present</span> <span class='ocrx_word' id='word_1_342' title='bbox 794 4264 906 4328; x_wconf 86' lang='lat' dir='ltr'>charter,</span> <span class='ocrx_word' id='word_1_343' title='bbox 926 4264 948 4315; x_wconf 84' lang='lat' dir='ltr'>is</span> <span class='ocrx_word' id='word_1_344' title='bbox 966 4263 1055 4325; x_wconf 87' lang='lat' dir='ltr'>dated,</span> <span class='ocrx_word' id='word_1_345' title='bbox 1074 4264 1128 4315; x_wconf 89' lang='lat' dir='ltr'>and</span> <span class='ocrx_word' id='word_1_346' title='bbox 1145 4267 1235 4319; x_wconf 85' lang='lat' dir='ltr'>would</span> 
     </span>
     <span class='ocr_line' id='line_1_38' title="bbox 96 4346 1233 4416; baseline 0 -15"><span class='ocrx_word' id='word_1_347' title='bbox 96 4350 125 4401; x_wconf 84' lang='lat' dir='ltr'>oi</span> <span class='ocrx_word' id='word_1_348' title='bbox 140 4363 235 4401; x_wconf 78' lang='lat' dir='ltr'>course</span> <span class='ocrx_word' id='word_1_349' title='bbox 246 4346 280 4397; x_wconf 82' lang='lat' dir='ltr'>ha</span> <span class='ocrx_word' id='word_1_350' title='bbox 290 4347 419 4399; x_wconf 83' lang='lat' dir='ltr'>execntcd</span> <span class='ocrx_word' id='word_1_351' title='bbox 430 4347 521 4398; x_wconf 84' lang='lat' dir='ltr'>heiore</span> <span class='ocrx_word' id='word_1_352' title='bbox 533 4347 596 4398; x_wconf 82' lang='lat' dir='ltr'>thia.</span> <span class='ocrx_word' id='word_1_353' title='bbox 632 4347 688 4398; x_wconf 85' lang='lat' dir='ltr'>Tha</span> <span class='ocrx_word' id='word_1_354' title='bbox 701 4350 765 4397; x_wconf 86' lang='lat' dir='ltr'>next</span> <span class='ocrx_word' id='word_1_355' title='bbox 777 4346 852 4410; x_wconf 88' lang='lat' dir='ltr'>deed,</span> <span class='ocrx_word' id='word_1_356' title='bbox 865 4364 895 4398; x_wconf 94' lang='lat' dir='ltr'>or</span> <span class='ocrx_word' id='word_1_357' title='bbox 906 4347 955 4398; x_wconf 88' lang='lat' dir='ltr'>No.</span> <span class='ocrx_word' id='word_1_358' title='bbox 972 4349 1012 4409; x_wconf 89' lang='lat' dir='ltr'>ll,</span> <span class='ocrx_word' id='word_1_359' title='bbox 1026 4363 1094 4412; x_wconf 84' lang='lat' dir='ltr'>may,</span> <span class='ocrx_word' id='word_1_360' title='bbox 1110 4349 1162 4400; x_wconf 85' lang='lat' dir='ltr'>and</span> <span class='ocrx_word' id='word_1_361' title='bbox 1175 4367 1233 4416; x_wconf 84' lang='lat' dir='ltr'>pro-</span> 
     </span>
     <span class='ocr_line' id='line_1_39' title="bbox 95 4429 879 4499; baseline -0.005 -15"><span class='ocrx_word' id='word_1_362' title='bbox 95 4432 179 4499; x_wconf 74' lang='lat' dir='ltr'>bably</span> <span class='ocrx_word' id='word_1_363' title='bbox 191 4431 266 4492; x_wconf 79' lang='lat' dir='ltr'>does,</span> <span class='ocrx_word' id='word_1_364' title='bbox 279 4430 405 4482; x_wconf 60' lang='lat' dir='ltr'>enudate</span> <span class='ocrx_word' id='word_1_365' title='bbox 416 4430 463 4482; x_wconf 87' lang='lat' dir='ltr'>the</span> <span class='ocrx_word' id='word_1_366' title='bbox 476 4429 553 4482; x_wconf 84' lang='lat' dir='ltr'>other</span> <span class='ocrx_word' id='word_1_367' title='bbox 565 4435 620 4481; x_wconf 88' lang='lat' dir='ltr'>two</span> <span class='ocrx_word' id='word_1_368' title='bbox 632 4430 669 4496; x_wconf 82' lang='lat' dir='ltr'>by</span> <span class='ocrx_word' id='word_1_369' title='bbox 681 4429 782 4481; x_wconf 79' lang='lat' dir='ltr'>several</span> <span class='ocrx_word' id='word_1_370' title='bbox 795 4446 879 4494; x_wconf 81' lang='lat' dir='ltr'>years.</span> 
     </span>
    </p>
   </div>
   <div class='ocr_carea' id='block_1_20' title="bbox 0 0 1462 4986">
    <p class='ocr_par' dir='ltr' id='par_1_23' title="bbox 0 0 1462 4986">
     <span class='ocr_line' id='line_1_40' title="bbox 0 0 1462 4986; baseline 0 0"><span class='ocrx_word' id='word_1_371' title='bbox 0 0 1462 4986; x_wconf 95' lang='lat' dir='ltr'> </span> 
     </span>
    </p>
   </div>
  </div>
 </body>
</html>
