2916 4986
283 518 556 573 GARTULARIUM
573 520 778 571 ABBATHIAE
796 519 845 571 DE
862 520 1049 573 WHITEBY.
1194 507 1234 569 37

93 682 267 748 monachos
296 704 393 768 super
428 683 489 748 illa
514 684 649 750 ecclesia
675 684 715 749 de
742 684 900 769 Orosseby
925 685 1065 769 amplius
1089 707 1109 749 a
1137 685 1232 750 modo
1244 690 1291 795 ἕξ
1301 694 1332 794 οἱ

91 802 209 847 vexare
220 784 296 848 volo
310 805 371 849 nec
387 784 494 850 debeo.
532 786 602 869 Ego
616 805 758 868 numque
773 785 899 850 Alanus
914 786 1048 850 eandem
1063 787 1231 850 ecclesiam
1244 763 1349 866 mainly,

89 879 130 945 de
152 883 321 967 Crosseby,
343 904 454 949 mense
475 884 673 968 Septembris
695 885 842 969 proximo
864 892 939 969 post
960 892 1125 969 capturam
1148 868 1399 975 Wflddiviswdffl

89 980 181 1045 lehni
195 983 294 1068 Regis
310 983 447 1062 Scotiae,²
462 984 533 1049 Deo
548 992 581 1048 et
597 986 626 1049 S.
643 985 739 1048 Petro
754 1005 791 1048 ac
807 985 838 1048 S.
852 985 979 1069 Hyldae,
995 985 1230 1068 Monachisque
1241 987 1336 1044 min0r;

91 1079 131 1144 de
154 1082 307 1166 Wyteby,
328 1084 365 1147 in
390 1104 506 1167 puram
532 1090 565 1147 et
590 1083 727 1148 liberam
752 1083 844 1148 elem.
867 1085 1010 1149 concessi
1036 1090 1069 1148 et
1091 1084 1175 1161 dedi,
1197 1093 1231 1149 et
1241 1046 1280 1151 doh
1282 1045 1373 1152 nespas

89 1179 181 1244 illam
203 1183 305 1246 solam
327 1189 360 1247 et
381 1184 526 1267 quietam
549 1183 588 1247 de
610 1204 663 1247 me
684 1188 719 1248 et
740 1183 814 1247 haer.
829 1185 918 1259 meis,
933 1185 973 1248 ad
996 1205 1091 1247 usum
1114 1177 1361 1271 Mona-{llnss‘sssle

90 1279 224 1345 chorum
246 1282 475 1366 Wytebyensis
497 1283 659 1360 Ecclesiae,
681 1283 753 1346 Deo
776 1289 809 1347 et
832 1284 862 1348 S.
886 1285 990 1360 Petro,
1013 1304 1109 1367 super
1130 1284 1371 1399 altaregffigm

88 1380 235 1461 ejusdem
257 1381 331 1459 loci,
352 1403 459 1446 coram
484 1383 598 1446 multis
624 1382 737 1466 optuli.
789 1383 837 1446 Es
862 1391 1000 1467 propter,
1025 1404 1083 1447 vos
1109 1403 1229 1459 omnes,
1241 1401 1340 1461 making
1350 1401 1398 1461 gin.

89 1485 250 1563 quotquot
270 1480 340 1545 haec
362 1483 439 1546 estis
461 1482 613 1559 audituri,
633 1503 691 1566 pro
713 1503 788 1546 vero
811 1483 891 1547 scire
913 1482 996 1559 volo,
1016 1483 1102 1566 quod
1125 1502 1175 1545 me
1196 1488 1229 1546 et
1240 1459 1397 1567 ξξᾍᾚᾞξ,

89 1579 164 1643 haer.
187 1601 276 1645 meos
297 1582 338 1645 ab
360 1582 450 1645 omni
472 1582 690 1659 advocatione,
704 1589 738 1646 et
758 1581 941 1658 donatione,
956 1591 1053 1666 atque
1075 1581 1227 1645 reclama·
1240 1578 1396 1697 ggylffiffh,

89 1680 178 1744 tione
201 1681 381 1766 saepedictae
404 1681 546 1746 ecclesiae
560 1682 601 1746 de
624 1682 782 1766 Orosseby
797 1682 932 1765 depono,
948 1682 1111 1764 nichilque
1134 1682 1168 1743 in
1191 1701 1229 1744 ea
1240 1697 1362 1756 κεκοπὼς

90 1779 227 1844 ccclesia
241 1801 260 1844 a
273 1781 370 1845 modo
390 1781 472 1845 mihi
493 1781 547 1846 vel
568 1781 643 1846 haer.
661 1783 741 1846 meis
763 1781 911 1858 reclamo,
925 1787 1041 1866 praeter
1062 1755 1379 1862 orationesfflifss

89 1885 124 1944 et
138 1900 212 1963 quae
227 1879 267 1944 de
281 1901 363 1964 pura
377 1886 410 1945 et
424 1881 525 1945 libera
539 1880 714 1946 elemosina
728 1887 916 1966 competunt
930 1881 1019 1945 laico.
1058 1880 1106 1943 Ut
1120 1885 1228 1944 autem
1240 1873 1389 1981 {lffidbut

90 1980 160 2043 haec
185 1987 255 2044 rata
283 1988 501 2064 permaneant,
531 1981 684 2046 Ecclesiae
709 1980 931 2065 Wytebiensi²
957 1980 1153 2045 antedictam
1179 1992 1274 2044 ecus
1299 2006 1389 2053 nvem,

90 2079 223 2144 alesiam
239 2080 278 2144 de
293 2080 451 2164 Crosseby
462 2081 705 2164 praenominatis
717 2080 887 2145 Monachis
905 2079 966 2164 (ob)
982 2079 1043 2144 hac
1058 2101 1130 2144 mea
1142 2087 1229 2144 carta
1241 2064 1285 2157 ἓξ,
1295 2051 1381 2160 ,iffi

90 2179 287 2244 confirmavi.
344 2179 438 2245 Hiis⁸
462 2181 610 2246 testibus.
656 2180 679 2244 ,J
682 2181 809 2245 ohanne
834 2181 1024 2245 Presbitero.
1070 2180 1228 2264 Magistro
1240 2170 1362 2277 2225]ngss

88 2279 238 2344 Roberto.
283 2281 464 2346 Homerico.
508 2280 684 2365 Magistro⁴
700 2281 813 2360 Petro;
834 2288 868 2345 et
882 2280 963 2345 eliis.
1241 2288 1347 2347 rnymsn.

144 2455 273 2519 XXXI.
297 2434 525 2521 consummo
541 2458 672 2521 Thous
686 2473 730 2520 nn
746 2455 917 2521 Hasnno⁵
932 2473 1037 2521 sonsa
1051 2473 1173 2520 anons.

136 2592 297 2657 Omnibus
320 2593 441 2658 Christi
462 2595 613 2659 fidelibus
634 2593 692 2659 has
714 2593 824 2660 literas
845 2595 904 2658 vis.
920 2594 972 2659 vel
995 2595 1076 2671 aud,
1091 2594 1228 2658 Thomas
1241 2594 1387 2714 'flhffinde

91 2692 134 2756 de
160 2691 345 2777 Hastinges,
371 2714 394 2758 s.
419 2694 455 2757 in
479 2694 630 2759 Domino.
675 2694 814 2758 Noverit
835 2694 1028 2758 universitas
1048 2700 1155 2758 vestra
1177 2715 1228 2758 me
1241 2713 1395 2761 confirmant

91 2799 179 2856 rates
201 2797 233 2856 et
254 2799 360 2877 gratas
382 2792 499 2858 habere
515 2814 626 2858 omnes
650 2792 840 2857 donationes
856 2800 889 2858 et
904 2794 1127 2858 concessiones
1149 2814 1228 2876 quas
1241 2774 1385 2892 2¹2⁰&ss

91 2890 297 2974 Thorphinus
318 2892 358 2956 de
384 2892 580 2968 Alverstain,
605 2897 639 2956 et
661 2891 788 2955 Alanus
812 2892 900 2955 filius
926 2893 1005 2975 ejus,
1028 2912 1107 2955 avus
1129 2912 1229 2966 meus,
1241 2891 1370 2998 {lfaffld

90 2990 238 3054 fecerunt
267 2990 338 3055 Deo
365 2996 398 3055 et
423 2989 509 3055 Eccl.
533 2991 564 3055 S.
591 2991 679 3056 Petri
705 2997 738 3055 et
764 2992 794 3055 S.
818 2989 938 3073 Hyldae
960 2990 999 3053 de
1021 2989 1174 3071 Wyteby,
1196 2996 1228 3052 et
1241 3008 1335 3056 hirson

97 3089 268 3154 Monachis
304 3090 383 3156 ibid.
414 3090 485 3154 Deo
529 3110 619 3166 serv,
654 3111 752 3173 super
789 3089 957 3154 ecclesiam
987 3088 1027 3151 de
1071 3087 1227 3170 (trosseby'
1241 3067 1312 3116 ΑΜΕ

98 3187 327 3252 Ravensvvurt⁶
349 3189 383 3252 in
405 3188 601 3253 Westmeria
615 3189 701 3254 cum⁷
724 3190 793 3272 ejus
809 3186 1022 3272 pertinentiis,
1046 3191 1078 3249 et
1101 3185 1227 3248 easdem

126 3311 220 3379 'July
234 3316 275 3377 12,
291 3315 366 3369 1174.
635 3312 646 3346 ²
672 3315 831 3379 Wytebs'snsy.
1102 3309 1189 3363 ⁸Hia.

125 3394 137 3428 ⁴
154 3396 210 3447 The
222 3397 330 3463 reading
347 3397 410 3448 hers
421 3397 444 3447 is
455 3396 587 3448 doubtful.
624 3397 680 3447 The
693 3397 768 3448 word
786 3412 897 3463 appears
915 3400 944 3447 to
961 3395 995 3447 be
1013 3395 1090 3458 Mito,
1102 3395 1153 3447 but
1170 3412 1227 3461 pro-

87 3480 170 3546 bably
182 3482 206 3533 is
216 3480 344 3532 intended
356 3480 398 3531 lor
410 3480 476 3530 llio.

125 3560 137 3596 ⁵
156 3563 205 3614 “A
217 3578 335 3630 younger
347 3579 394 3614 son
406 3563 434 3613 oi
445 3562 501 3613 this
513 3563 619 3614 ancient
631 3564 683 3615 and
696 3564 774 3615 noble
786 3562 881 3628 family
900 3563 1049 3631 [Hastings]
1071 3580 1126 3614 was
1144 3563 1226 3631 Hugh

87 3647 123 3697 ds
136 3645 272 3714 Hastings,
286 3645 346 3697 who
358 3646 472 3697 married
484 3646 579 3710 Helen,
593 3647 640 3698 the
649 3647 781 3714 daughter
789 3647 842 3697 and
851 3647 909 3697 heir
920 3647 948 3698 ol
960 3647 1031 3697 Alan
1042 3648 1076 3698 ds
1085 3648 1223 3708 Alvestvn,

88 3728 178 3780 sonci
194 3728 348 3796 Theophins
360 3729 394 3780 de
406 3729 539 3780 Alvestsn
548 3730 576 3780 ol
588 3730 712 3780 Alvestaa
725 3730 815 3797 (vulgo
827 3729 969 3793 Allerstaa)
978 3732 1006 3781 in
1024 3731 1227 3795 Pickcriayllthe

85 3812 116 3862 in
129 3812 198 3864 Gora.
212 3811 304 3865 Ebur?
333 3813 486 3880 (Dugdsle’s
503 3813 603 3864 Barca.
623 3813 639 3865 i.
659 3815 730 3876 579.)
767 3815 810 3864 Hs
822 3814 910 3866 diedo
931 3814 992 3865 Joh.
1008 3814 1107 3883 (1203),
1121 3815 1227 3880 leaving

85 3896 159 3946 issue
180 3895 302 3959 Thomas,
326 3896 369 3947 his
393 3913 441 3947 son
464 3897 518 3947 and
543 3897 608 3947 heir.
646 3897 707 3959 (lb.)
744 3897 809 3948 This
833 3897 947 3948 Thomas
972 3898 994 3948 is
1019 3899 1046 3947 ol
1067 3915 1158 3947 course
1178 3897 1225 3948 ths

87 3984 199 4046 grantor
210 3979 237 4029 ol
249 3979 295 4030 the
306 3985 414 4046 present
427 3980 538 4042 chartsr,
552 3980 605 4030 and
623 3980 646 4031 is
664 3979 710 4030 the
723 3980 813 4031 father
825 3981 853 4030 ol
865 3986 920 4032 two
938 3997 1006 4041 sons,
1024 3980 1083 4029 who
1096 3996 1140 4029 are
1153 3997 1224 4029 men-

88 4061 184 4112 tioned
195 4062 224 4112 in
236 4062 336 4113 seversl
349 4062 377 4113 of
389 4063 436 4114 the
449 4063 612 4129 subsequent
629 4063 756 4125 chortem,
770 4063 884 4128 namely,
898 4063 1012 4113 Thomas
1030 4062 1063 4112 de
1082 4062 1225 4128 Hastinges

87 4146 123 4197 de
144 4144 276 4210 Orosseby
296 4146 497 4206 Ravensworth,
521 4145 659 4197 described
681 4162 710 4196 as
733 4146 829 4197 “filius
847 4147 912 4196 Tho.
932 4146 965 4195 de
985 4144 1153 4211 Hastingss,’'
1172 4147 1224 4196 and

88 4227 219 4279 Nicholas
236 4228 270 4278 de
281 4228 444 4280 Alvsrstsin.
482 4228 538 4280 The
550 4230 633 4280 latter
651 4230 673 4279 ia
685 4246 701 4279 a
713 4230 842 4296 priucipal
861 4230 888 4279 in
907 4246 922 4279 a
940 4233 1039 4279 matter
1056 4229 1178 4294 specified
1197 4231 1225 4280 in

88 4311 140 4362 No.
155 4312 214 4373 320,
227 4310 316 4362 which
327 4312 351 4362 is
362 4311 444 4364 dated
462 4311 490 4362 in
505 4313 580 4364 1268.
620 4311 676 4362 The
694 4318 801 4378 present
819 4313 924 4363 chartea
941 4311 1071 4376 probably
1088 4312 1164 4363 dates
1182 4315 1224 4364 be-

86 4397 178 4444 tween
192 4394 348 4447 lano-1240.

124 4472 137 4507 ⁸
155 4475 313 4530 Remeat.
1021 4475 1032 4510 ⁷
1050 4485 1083 4528 es.
