2916 4986
276 511 548 565 caurumamu
564 513 768 565 ABBATHIAE
786 514 835 566 DE
852 514 1038 569 WHITEBY.
1188 505 1227 566 2⁷

91 675 252 758 Rogerum
280 676 455 761 Ohapman,
485 677 671 742 Johaunem
698 678 876 763 Chapmau,
900 679 1017 758 Adam,
1043 682 1228 746 Johannem

90 775 204 852 Peche,
219 777 431 841 Laurentium
448 777 508 861 [et]
523 780 546 843 J
548 777 708 842 ohannem
730 777 785 842 del
808 779 922 856 Grene,
937 782 960 845 J
962 780 1123 845 ohannem
1146 783 1228 846 Hal-

90 895 173 951 mau‚
190 875 395 940 Wilielmum
409 875 526 960 Alkys,
542 876 735 961 dampnum1
758 898 817 941 sua
838 879 992 962 praedicta
1006 881 1047 944 ad
1062 881 1179 965 viginti
1194 888 1228 946 et

88 979 152 1039 tras
164 975 264 1039 libras
280 996 392 1041 versus
408 996 462 1041 eos
476 997 535 1061 per
545 997 579 1041 se
594 997 718 1041 assesso
732 976 915 1041 occasione²
929 982 1225 1064 transgressionum.

88 1075 184 1140 Unde
209 1076 275 1159 ipsi
297 1097 356 1159 per
379 1096 414 1140 se
440 1097 498 1159 per
517 1077 740 1160 juramentum
768 1076 900 1161 patriae⁸
926 1085 959 1142 et
980 1100 1038 1163 per
1064 1082 1225 1164 judicium

88 1175 231 1238 convicti
245 1186 330 1239 suut.
375 1176 420 1238 Et
434 1176 580 1260 praedicti
595 1176 782 1240 Willelmus
804 1176 901 1253 Brok,
916 1183 950 1241 et
969 1199 1080 1244 omnes
1102 1201 1225 1264 praeno-

88 1275 213 1351 minati,
229 1275 405 1359 capiantur,
421 1281 479 1340 etc
524 1276 568 1339 Et
583 1275 733 1340 similiter
747 1276 844 1359 praed.
859 1277 969 1341 Abbas
990 1279 1027 1341 iu
1049 1280 1226 1345 misericor-

87 1373 142 1438 dia
155 1394 214 1458 pro
241 1424 248 1439 .
271 1424 278 1438 .
302 1424 309 1438 .
332 1375 345 1413 ⁴
359 1375 482 1439 clameo
497 1395 556 1439 suo
570 1375 677 1459 quoad
692 1376 857 1440 residuum
871 1380 1130 1460 transgressionis
1145 1401 1225 1464 prae·

86 1472 191 1538 dictae.
230 1473 706 1558 UndepraedictusWillelmus
716 1475 1036 1540 Broketomnesalii
1051 1480 1226 1561 acquietati

87 1579 215 1637 suntet
235 1574 299 1657 ipsi
319 1580 395 1638 eant
409 1574 486 1639 inde
501 1575 572 1639 sine
587 1575 648 1652 die,
663 1580 722 1639 etc.
768 1576 893 1650 Postea,
909 1575 1032 1639 scilicet
1047 1576 1082 1638 iu
1103 1579 1225 1642 octavis

86 1671 329 1736 Purificationis
358 1673 467 1737 Beatae
496 1673 620 1750 Mariae,
649 1693 734 1736 anno
761 1693 932 1756 regnorum
961 1675 1098 1737 Domini
1127 1676 1224 1759 Regis

90 1772 136 1853 (7)
146 1792 234 1836 nunc
250 1777 372 1849 octavo,
385 1772 479 1836 venit
493 1772 589 1855 praed.
604 1771 717 1836 Abbas
733 1760 1007 1855 per'attomatum
1018 1793 1113 1836 suum
1127 1774 1224 1857 praed.

87 1879 122 1935 et
147 1870 328 1954 dicitquod
343 1870 546 1934 satisfactum
570 1877 619 1935 est
643 1870 674 1935 ei
696 1870 736 1934 de
758 1870 908 1953 dampnis
929 1870 1100 1954 praedictis.
1146 1872 1224 1936 Ideo

87 1971 235 2054 praedicti
248 1969 448 2034 Willielmus
464 1969 560 2045 Brok,
569 1975 602 2034 et
617 1990 727 2033 omnes
743 1969 801 2032 alii
817 1977 894 2033 eant
909 1970 986 2034 inde
1001 1971 1072 2034 aine
1088 1971 1149 2048 die,
1164 1978 1223 2036 eto.

86 2069 131 2133 Et
146 2070 223 2153 quia
236 2070 445 2153 transgressio
459 2069 613 2153 praedicta
627 2070 713 2133 facta
728 2070 792 2132 fuit
807 2069 863 2133 diu
890 2077 965 2133 aute
991 2070 1157 2134 Statutum
1184 2073 1224 2136 de

84 2169 316 2253 perdonatione
332 2170 517 2254 hujusmodi
529 2169 817 2253 transgressionum
827 2170 949 2233 factum
960 2171 995 2232 in
1007 2170 1224 2236 Parliamento

85 2269 222 2333 Domini
243 2270 341 2356 Regis
362 2290 459 2345 nuno,
473 2269 546 2333 ideo
568 2269 715 2353 praedicti
737 2269 922 2334 Willelmus
946 2269 1034 2332 Brok
1057 2277 1090 2334 et
1112 2291 1223 2334 omnes

86 2367 145 2432 alii
169 2369 395 2453 prenominati
420 2374 496 2433 eant
521 2368 598 2433 inde
625 2368 728 2452 quieti
750 2370 871 2452 absque
897 2369 961 2434 fine
985 2390 1059 2433 cum
1081 2370 1223 2433 Domino

85 2467 173 2552 Rege
202 2467 380 2533 ocoasione⁶
401 2468 692 2553 transgressionum
721 2467 954 2551 praedictarum.
1008 2469 1224 2534 Faciendum⁰

83 2575 143 2632 etc
165 2568 261 2631 utin
287 2568 428 2652 quodam
452 2567 571 2631 Rutulo
594 2567 630 2630 in
653 2566 862 2631 Thesaurario
885 2588 960 2631 cum
983 2567 1155 2632 evidentiis
1182 2568 1222 2631 de

87 2665 308 2751 Ugylbardby.

173 2866 313 2931 rimu⁷
336 2867 395 2951 [u.
414 2865 470 2929 ia>
487 2866 581 2951 (5⁷)-1

127 3017 201 3081 Hoc
222 3017 379 3100 scriptum
393 3014 648 3100 cyrografatum⁸
669 3020 808 3081 testatur
822 3016 908 3100 quod
931 3037 998 3091 nos,
1013 3015 1221 3094 willelmus,9

82 3117 149 3181 Dei
170 3116 223 3181 Gr.
239 3117 352 3180 Abbas
376 3116 415 3180 de
437 3116 605 3199 Whiteby,
628 3121 661 3179 et
684 3117 828 3199 ejusdem
849 3115 913 3179 ioci
937 3116 1130 3192 Conventus
1146 3137 1219 3180 con·

80 3216 238 3280 cessimus
252 3215 371 3280 dilecto
386 3221 495 3278 nostro
517 3215 540 3278 J
541 3214 662 3278 ohauui
686 3216 789 3280 Barda
798 3214 823 3253 ¹⁰
845 3214 1050 3278 rationabilia
1065 3216 1220 3280 estoveria

83 3313 229 3378 inbosco
239 3320 348 3378 nostro
363 3313 403 3376 de
419 3313 552 3376 Ybume
567 3333 623 3395 per
638 3313 746 3376 visum
766 3320 799 3377 et
820 3313 1041 3376 liberationem
1063 3313 1220 3378 forestarii

80 3415 185 3479 nostri
209 3415 246 3478 in
272 3419 341 3478 tota
366 3412 435 3476 vita
459 3433 518 3476 sua
544 3413 585 3476 ad
611 3413 837 3476 aedificandum
858 3414 1037 3477 manerium
1060 3435 1155 3480 suum
1184 3417 1219 3479 in

117 3534 613 3591 ι8000111100100111000000111000.
839 3534 1004 3590 ²uccuaioue.

118 3618 130 3654 ³
147 3620 267 3672 Writteu
279 3618 384 3671 Jurcm'
395 3620 469 3685 p'ric.
842 3618 852 3650 ⁴
872 3620 1162 3674 Uncartain-written
1169 3623 1218 3688 fla.

118 3701 267 3756 ‘Written
280 3711 365 3756 00000.
841 3701 853 3734 ⁶
871 3703 921 3758 Ita

116 3783 128 3819 ⁷
146 3785 211 3837 This
229 3785 252 3836 is
271 3802 306 3837 an
323 3785 453 3836 insertion
465 3785 493 3836 in
511 3784 560 3836 the
577 3801 648 3835 same
667 3783 847 3852 handwriting
865 3801 894 3835 00
912 3785 976 3837 Νοο.
990 3790 1032 3849 20,
1048 3790 1090 3849 21,
1102 3790 1155 3839 and
1173 3792 1216 3849 22,

81 3868 136 3920 and
145 3869 239 3922 stands
248 3868 286 3935 by
297 3869 378 3920 itself.

115 3950 127 3986 ⁸
143 3952 182 4006 11.
195 3953 403 4020 cirograffatum.

115 4031 128 4068 ⁰
144 4035 264 4086 william
276 4036 309 4086 de
321 4034 462 4097 Kirkhnm,
481 4034 574 4086 Abbot
592 4050 629 4099 up
641 4039 670 4086 to
685 4036 760 4096 1304,
779 4035 881 4102 having
899 4035 1042 4086 succeeded
1063 4035 1165 4084 Robert
1184 4036 1217 4085 dc

81 4118 218 4186 Inngtoit
231 4119 293 4169 who
305 4119 366 4169 died
378 4119 408 4169 iu
423 4121 499 4173 1278.

117 4200 140 4236 ¹⁰
157 4203 195 4254 BL
214 4203 291 4256 Bard.
328 4201 401 4254 John
413 4202 535 4254 Bardeia
553 4202 662 4253 witness
674 4206 704 4253 to
721 4217 738 4250 0
750 4202 933 4252 confirmation
943 4201 979 4265 by
989 4200 1069 4249 Henr.
1084 4199 1120 4252 fil.
1134 4200 1217 4252 Heur.

81 4286 115 4338 (10
132 4286 215 4352 Peroy
229 4287 276 4349 (Μ.
290 4287 341 4348 81³3
359 4287 437 4349 infra,
458 4287 508 4341 No.
528 4290 599 4351 405),
621 4287 702 4337 dated
723 4289 809 4348 1308;
828 4286 881 4336 00(1
899 4287 968 4335 from
985 4301 1001 4334 a
1019 4284 1217 4335 memorandum

82 4386 116 4420 00
128 4369 147 4420 i.
160 4372 224 4422 113ὴ
236 4370 264 4421 oi
272 4370 319 4420 tbe
331 4387 402 4421 same
414 4371 482 4433 Ma,
496 4371 519 4423 it
531 4388 642 4439 appears
654 4372 715 4423 that
727 4371 761 4422 ha
779 4370 841 4421 held
860 4387 910 4420 000
928 4372 1050 4420 carucata
1068 4368 1095 4417 iu
1114 4369 1218 4435 Cuyton

83 4453 111 4504 oi
122 4453 170 4504 tire
181 4452 223 4504 iae
235 4452 264 4504 oi
275 4455 363 4519 Rogar
373 4454 473 4521 Bygod.
