2916 4986
266 529 539 583 cnsrunsmuu
557 528 760 582 ABBATHIAE
776 529 826 581 DE
842 529 1029 581 WHITEBY.
1158 520 1218 579 259

78 715 102 758 s.
114 694 151 757 in
165 694 250 758 D’no
264 694 502 778 sempiternam
535 692 716 758 Visitantes
725 712 828 777 nuper
838 692 1005 758 ecclesiam
1019 696 1053 758 et
1067 692 1220 758 diocesim

80 798 221 856 nostram
237 791 496 869 Ksrliolcnsem,l
517 792 604 856 inter
625 797 739 856 oaetcra
760 791 958 857 visitationis
979 798 1097 856 nostrae
1118 791 1222 856 officia

80 892 311 976 contingentia,
333 891 547 974 comperimus
569 890 656 974 quod
678 889 832 974 Religiosi
846 891 918 967 viri,
932 890 1043 955 Abbas
1065 896 1099 953 et
1120 890 1221 956 Conv.

79 990 118 1054 de
133 991 300 1074 Whiteby,
314 990 447 1054 Eborac.
471 989 641 1066 dioceseos,
655 987 825 1053 ecclesiam
842 988 883 1053 de
906 989 1063 1073 (imsseby
1078 989 1221 1053 Ravens-

78 1089 182 1152 worth
203 1088 428 1172 parochialem,
442 1093 560 1152 nostrae
582 1088 754 1165 dioceseos,
771 1108 846 1151 cnm
868 1088 1071 1171 pertinentiis
1094 1089 1171 1165 suis,
1184 1087 1220 1151 in

78 1208 157 1252 usus
182 1207 257 1252 suos
282 1187 426 1271 proprios
449 1187 488 1250 de
512 1187 600 1251 facto
622 1186 778 1263 detinent,
800 1187 895 1251 etde
917 1187 990 1270 jure
1015 1186 1148 1270 speciali
1172 1186 1219 1251 sic

78 1286 254 1351 vendicant
268 1287 423 1371 optinere.
467 1285 601 1350 Vocatis
616 1285 717 1370 igitur
737 1305 835 1369 super
853 1285 914 1348 hoc
929 1285 1025 1350 dictis
1040 1285 1220 1368 Religiosis,

79 1391 113 1450 et
132 1392 336 1470 procuratore
357 1384 554 1450 sufficienter
578 1385 837 1468 comparentibus
859 1403 965 1448 coram
987 1383 1090 1461 nobis,
1105 1384 1219 1449 diebus

79 1488 113 1548 et
126 1484 205 1548 locis
220 1485 368 1568 congruis
380 1484 422 1549 ad
432 1483 493 1547 hoo
505 1483 598 1560 datis,
607 1483 807 1568 propositum
819 1483 882 1546 fuit
893 1503 934 1547 ex
944 1488 1036 1567 parte
1046 1483 1217 1547 eorundem

79 1582 166 1665 quod
181 1583 244 1666 ipsi
258 1582 354 1667 precd.
370 1581 537 1647 ecclesiam
552 1581 592 1647 de
607 1582 765 1664 Crosseby
779 1581 1012 1646 Ravenswarth
1027 1581 1068 1645 ab
1082 1581 1217 1665 antiquo

79 1681 126 1746 eis
151 1682 303 1746 canonice
328 1682 566 1765 appropriatam
592 1681 802 1764 optinuerunt
824 1685 857 1746 et
882 1680 1099 1764 possederunt,
1121 1681 1217 1746 etad

79 1777 143 1843 huc
169 1781 317 1863 optinent
343 1786 375 1844 ct
399 1779 567 1863 possident
592 1779 628 1843 in
656 1779 808 1862 prasenti
837 1785 941 1844 cartas
967 1785 1000 1844 et
1025 1779 1217 1845 documenta

78 1878 344 1961 pmedecessorum
355 1885 547 1955 nostrorum,
557 1878 789 1962 Episcopomm
802 1878 946 1957 Karliol.,
954 1884 988 1943 ct
1001 1884 1217 1962 patronorum,

78 1981 111 2040 ct
120 1977 395 2041 confirmationem
404 1976 548 2060 Capituli
556 1976 708 2041 Ecclesiae
716 1983 833 2042 nostrae
843 1977 1044 2042 Oathedralis
1053 1977 1217 2063 Ka[r]liol

79 2076 240 2158 praedictae
255 2097 352 2160 super
364 2076 426 2140 boc
441 2077 477 2140 in
496 2076 602 2141 modio
618 2076 808 2142 exhibendo.
854 2077 922 2141 Nos
944 2076 1052 2161 igitur,
1066 2077 1220 2162 inspectis

79 2169 112 2237 et
137 2173 312 2239 intellectis
336 2175 510 2258 propositis
535 2179 568 2239 et
597 2174 750 2239 exhibitis
777 2175 844 2239 suis
869 2176 906 2239 in
929 2174 991 2240 bac
1015 2183 1116 2261 parte,
1141 2176 1219 2261 quia

78 2272 263 2338 invenimus
292 2294 345 2338 eos
375 2273 570 2337 sufficienter
590 2273 733 2338 munitos
762 2274 799 2338 in
826 2274 998 2358 praedictis,
1018 2274 1105 2359 ipsos
1134 2275 1219 2340 sicut

78 2390 274 2454 possessores
303 2372 482 2450 canonicos,
503 2378 537 2437 et
558 2371 753 2437 sufficienter
781 2374 924 2438 munitos
950 2373 991 2438 ab
1016 2374 1219 2458 impetitione

79 2468 176 2533 officii
189 2471 299 2548 nostri,
313 2471 518 2547 absolvimus,
533 2475 566 2535 et
580 2491 637 2554 per
651 2471 815 2536 decretum
830 2471 1025 2537 dimittimus
1047 2471 1219 2538 absolutos.

80 2566 122 2631 In
147 2570 239 2653 cujus
267 2571 315 2635 rei
343 2576 416 2635 test.
447 2570 503 2655 sig.
533 2577 680 2634 nostrum
710 2570 921 2654 praesentibus
951 2576 1000 2634 est
1032 2590 1218 2655 appensum.

80 2668 202 2732 Datum
232 2670 268 2733 in
293 2670 435 2734 manerio
465 2676 573 2733 nostro
599 2668 687 2753 apud
712 2669 744 2733 la
770 2671 863 2747 Rose,
887 2670 920 2733 ii
947 2669 1101 2734 kalendas
1126 2670 1220 2747 Julii,

79 2766 119 2831 Α
134 2768 175 2832 D.
190 2769 363 2833 millesimo
386 2777 478 2833 cccmo
491 2767 645 2832 vicesimo
667 2774 767 2846 sexto,
782 2775 815 2834 et
830 2776 947 2833 nostrae
968 2768 1219 2833 consecrationis

79 2886 164 2930 anno
179 2867 327 2931 secundo.

342 3088 505 3155 cccxli.
527 3091 615 3155 Arra
630 3107 736 3157 osum
750 3108 794 3156 nn
810 3091 949 3158 crosna

126 3250 219 3315 Omn
246 3251 276 3315 S.
303 3251 349 3315 M.
375 3251 459 3316 Eccl.
483 3251 570 3331 filiis,
594 3253 636 3317 ad
662 3273 743 3337 quos
767 3274 814 3337 pr.
841 3272 898 3317 sor.
925 3272 1021 3335 perv,
1046 3251 1152 3315 Adam
1179 3251 1219 3315 de

81 3349 332 3428 Wathamstede,
362 3350 566 3433 Capelianus,
591 3371 616 3418 s.
647 3352 684 3416 in
712 3353 862 3416 Domino.
907 3351 1071 3415 Noveritis
1101 3369 1153 3413 me
1182 3348 1217 3412 in

80 3449 250 3531 praescntia
279 3448 346 3513 d’ni
378 3449 565 3534 R[oberti],²
597 3450 812 3515 Karliolensis
847 3450 928 3535 Ep'i,
957 3450 1080 3514 factum
1108 3468 1218 3513 meum

80 3547 297 3630 approbantis,
311 3547 372 3611 toti
390 3549 458 3631 juri
479 3569 550 3613 meo
572 3549 658 3632 quod
681 3549 781 3613 habui
798 3549 851 3613 vel
873 3548 989 3613 habere
1011 3547 1112 3632 potui,
1130 3548 1218 3612 omni

78 3645 197 3709 actioni
212 3647 372 3711 institutae
386 3646 440 3711 vel
455 3647 664 3712 instituendas
685 3647 720 3710 in
735 3647 854 3712 vicaria
868 3647 1009 3712 ecclesiae
1023 3646 1064 3711 dc
1079 3646 1217 3730 Orossby

78 3743 320 3822 Ravenswarth,
334 3745 470 3810 Karliol.
487 3746 656 3821 dioceseos,
672 3766 729 3810 seu
751 3767 809 3829 pro
831 3746 951 3824 eadam,
965 3745 1038 3810 d'no
1052 3744 1217 3810 Willclmo

78 3840 119 3904 de
141 3841 341 3923 Kyrkeham,
354 3844 551 3926 procuratori
574 3844 640 3906 d’ni
661 3844 797 3909 Abbatis
819 3845 859 3909 de
881 3845 1039 3927 Whitcby
1053 3850 1086 3908 et
1109 3844 1217 3919 Conv,

78 3940 288 4004 renunt-iesse.
312 3946 353 4015 et,
382 3939 464 4024 (94¹³)
493 3942 570 4025 quia
596 3943 739 4026 sigillum
767 3965 877 4008 meum
902 3964 968 4007 non
994 3949 1043 4007 cst
1068 3942 1216 4025 pluribus

77 4043 201 4112 notum,
223 4037 280 4121 sig.
300 4037 378 4101 dicti
392 4040 595 4104 Venerabilis
618 4042 719 4124 patris
741 4043 913 4126 R[oberti],
935 4038 1113 4105 Karleolii³
1134 4040 1215 4122 Ep'i,

76 4137 289 4220 praesentibus
305 4137 423 4219 apponi
437 4139 615 4220 procuravi.
660 4139 736 4204 Hiis
758 4141 903 4204 testibus.
947 4140 1033 4203 D'no
1047 4137 1214 4202 Willelmo

78 4236 118 4298 de
147 4235 426 4302 Whutehamsted.
475 4235 557 4300 M’ro
585 4238 721 4304 W...
758 4239 876 4303 Fresta
921 4238 1044 4301 Thomu
1073 4236 1113 4300 de
1142 4236 1215 4319 Ely,

77 4333 208 4399 Clerico.
265 4335 412 4400 Gilbcrto
435 4335 474 4399 dc
496 4334 699 4419 Smytheton,
722 4337 865 4417 Clerico;
901 4343 933 4402 et
955 4337 1035 4401 aliis.
1090 4336 1214 4401 Datum

114 4459 121 4488 ¹
143 4438 270 4511 nurum.
449 4457 748 4525 ’nomomensis
764 4464 886 4518 rusa-rs.
1050 4461 1176 4514 3Κοινιῑι
