2916 4986
305 515 575 569 CARTULARIUM
593 519 797 570 ABBATHIAE
815 520 863 570 DE
880 519 1065 572 wmrssrl.
1199 509 1259 567 123

121 683 185 756 tur,
207 679 273 744 nisi
298 701 395 764 quem
421 682 544 759 fratres,
567 683 731 746 communi
758 703 926 762 consensu,
947 684 1000 748 vel
1026 685 1161 748 fratrum
1187 704 1260 767 pars

122 778 253 862 majoris
275 786 308 845 et
329 782 463 846 sanioris
486 781 621 859 consilii,
643 783 822 847 secundum
851 784 959 848 Deum
982 789 1015 848 et
1036 784 1072 849 B.
1093 783 1262 849 Benedicti

120 879 274 962 regulam,
289 881 489 965 providerint
499 881 690 966 eligendum.
736 883 912 947 libertates
923 904 1050 966 quoque
1064 889 1098 948 et
1107 882 1261 946 immuni-

121 984 207 1044 tates
229 981 389 1064 antiquas,
411 986 444 1046 et
465 982 673 1046 rationabiles
700 982 949 1047 consuetudines
972 983 1123 1047 Ecclesia
1145 989 1262 1047 vestrae

122 1099 298 1156 concessas,
309 1088 343 1145 et
357 1089 490 1146 actenus
502 1082 693 1159 observatas,
708 1089 795 1147 ratas
810 1083 975 1160 habemus,
990 1089 1023 1147 et
1033 1102 1087 1148 eas
1097 1083 1262 1167 perpetuis

120 1180 321 1261 temporibus
351 1180 495 1245 illibatas
525 1202 710 1265 permanere
733 1182 919 1247 sancimus¹
976 1183 1053 1246 Paci
1079 1202 1207 1266 quoque
1228 1188 1262 1246 et

123 1278 353 1361 tranquillitati
374 1288 491 1344 vestrae
519 1287 652 1363 paterna
681 1282 717 1345 in
745 1289 910 1365 posterum
941 1282 1160 1347 sollicitudine
1188 1301 1261 1363 pro·

123 1378 233 1442 videre
262 1379 416 1456 volentes,
445 1381 635 1444 auctoritate
664 1381 850 1464 Apostolica
878 1380 1086 1465 prohibemus
1115 1387 1153 1444 ut
1177 1380 1262 1444 infra

124 1477 302 1542 clausturas
316 1478 460 1543 locorum
482 1499 539 1543 seu
553 1480 758 1563 grangiarum
780 1485 958 1544 vestrarum
982 1479 1094 1543 nullus
1115 1479 1261 1561 rapinam

124 1598 182 1641 seu
190 1578 314 1642 furtum
323 1578 433 1655 facero,
442 1579 548 1662 ignem
561 1598 728 1663 apponere,
741 1579 931 1662 sanguinem
943 1578 1086 1655 fundere,
1096 1577 1262 1641 hominem

123 1682 243 1740 temere
265 1697 385 1760 capere,
407 1677 460 1741 vel
482 1677 668 1754 interficere,
684 1698 741 1741 seu
763 1677 951 1741 violentiam
973 1676 1090 1740 audeat
1107 1696 1261 1741 exercere.

122 1776 336 1840 Decernimus
359 1797 430 1860 ergo
461 1783 499 1839 ut
521 1777 605 1840 nulli
627 1777 759 1840 omnino
782 1776 951 1840 hominum
971 1775 1070 1840 liceat
1091 1775 1262 1859 praefatum

122 1875 282 1939 Mon’ium
304 1882 424 1940 temera
438 1877 633 1959 perturbare,
648 1882 705 1939 aut
727 1876 798 1958 ejus
821 1875 1038 1958 possessiones
1061 1876 1193 1950 auferre,
1209 1873 1262 1938 vel

122 1974 245 2038 ablatas
257 1975 401 2052 retinere,
413 1976 566 2052 minuere,
575 1996 633 2040 seu
648 1975 847 2059 quibuslibet
858 1973 1102 2040 vexationibus²
1116 1974 1249 2059 fatigare
1253 1998 1262 2054 ;

123 2073 181 2137 sed
192 2074 300 2136 omnia
308 2074 433 2158 integra
444 2080 674 2139 conserventur
681 2095 798 2150 corum,
810 2095 868 2158 pro
879 2095 1016 2156 quorum
1031 2074 1261 2158 gubernatione

123 2193 161 2237 ac
183 2173 416 2237 sustentatione
438 2194 588 2238 concessa
610 2180 696 2250 sunt,
719 2174 830 2237 usibus
857 2173 1048 2237 omnimodis
1074 2173 1262 2256 profutura3

126 2271 216 2336 salva
236 2272 327 2337 Sedis
342 2273 536 2356 Apostolicae
554 2273 622 2357 (33)
646 2273 846 2348 auctoritate,
862 2278 895 2336 et
910 2272 1072 2336 diocesani
1093 2272 1165 2357 Ep'i
1187 2292 1262 2336 can-

126 2372 218 2435 onica
226 2371 362 2454 justitia
407 2372 442 2436 Si
454 2393 518 2455 qua
528 2373 629 2456 igitur
640 2372 675 2434 in
686 2370 850 2435 futurum8
861 2370 1075 2436 ecclesiastica
1087 2372 1261 2436 saecularis·

126 2493 166 2536 ve
180 2491 324 2555 persona,
338 2470 422 2535 hanc
445 2478 563 2535 nostrae
585 2471 828 2535 constitutionis
850 2472 1000 2554 paginam
1023 2472 1136 2548 sciens,
1151 2477 1262 2535 contra

125 2592 196 2635 eam
208 2578 326 2634 temero
335 2572 444 2634 venire
455 2572 671 2654 temptaverit,
680 2570 820 2635 secundo
835 2570 971 2634 tertiove
983 2571 1188 2647 commonita,
1200 2571 1263 2634 nisi

125 2675 250 2734 reatum
261 2690 356 2732 suum
368 2689 507 2752 congrua
518 2670 735 2732 satisfactione
751 2669 930 2745 correxerit,
942 2669 1109 2751 potestatis
1119 2669 1263 2733 honoris-

126 2768 245 2852 quesui
254 2773 358 2831 careat
368 2761 689 2852 dignitate,reamque
699 2788 732 2830 se
742 2767 863 2830 Divino
870 2766 994 2849 judicio
1003 2766 1262 2849 existeredeper-

124 2875 224 2952 petua
239 2867 411 2950 iniquitate
423 2875 601 2951 cognoscat,
613 2875 645 2930 ct
659 2888 678 2930 a
694 2866 907 2930 sacratissimo
920 2886 1047 2948 corpore
1059 2887 1095 2929 ac
1107 2866 1262 2948 sanguine

126 2967 189 3030 Dei
211 2972 244 3029 et
265 2967 399 3030 Domini
421 2965 643 3049 Redemptoris
666 2966 777 3042 nostri,
797 2964 902 3029 Jhesu
925 2963 1056 3040 Christi,
1069 2963 1175 3027 aliena
1196 2964 1262 3039 fiat,

125 3073 223 3149 atque
237 3066 272 3128 in
287 3073 430 3129 extremo
446 3067 594 3129 examine
610 3065 764 3129 districtae
779 3063 943 3145 subjaceat
954 3061 1081 3126 ultioni.
1127 3062 1263 3126 Cunctis

126 3175 235 3230 autern
257 3166 361 3230 eidem
376 3166 446 3228 loco
463 3186 521 3228 sua
540 3166 614 3247 jura
632 3163 836 3229 servantibus
858 3161 902 3225 sit
919 3181 984 3244 pax
1005 3160 1140 3224 Domini
1161 3159 1263 3223 nostri

125 3265 147 3328 J
150 3265 230 3329 besu
246 3264 366 3328 Christi
382 3264 545 3346 quatinus,
557 3270 589 3327 et
605 3264 657 3327 hic
670 3263 811 3326 fructum
826 3260 918 3323 bonac
929 3260 1064 3323 actionis
1075 3259 1262 3344 percipiant,

126 3370 160 3428 et
181 3364 266 3446 apud
294 3364 475 3426 districtum
496 3365 519 3428 J
522 3364 649 3426 udiccm
671 3361 803 3445 praenria
826 3366 953 3423 aetornae
975 3360 1063 3444 pacis
1083 3359 1260 3424 inveniant.

125 3464 238 3526 Amen.
298 3463 504 3546 [Two-thirds
526 3465 564 3546 os
581 3464 601 3526 f.
627 3460 683 3542 33¹³
705 3464 759 3543 last
782 3458 897 3537 tiana
929 3460 995 3523 aad
1017 3461 1082 3524 also
1105 3461 1136 3524 ff.
1162 3463 1260 3542 34-38

125 3564 256 3645 entirely
271 3562 386 3645 blant]

294 3810 394 3874 CLII.
419 3812 487 3894 (39)
506 3812 618 3875 Clara
634 3813 785 3877 Acunrrs
801 3829 843 3875 oa
860 3813 1088 3877 Somnasuao.

171 3958 266 4022 Omn.
284 3958 404 4021 Christi
420 3958 568 4023 fidelibus
584 3960 676 4024 hanc.
693 3981 718 4024 c.
738 3961 795 4025 via.
812 3961 960 4037 veland,
976 3960 1180 4042 Agnes,quae
1200 3959 1263 4021 fuit
1275 3991 1364 4060 Apros,

127 4077 207 4121 uxor
223 4058 367 4141 Gregorii
384 4057 649 4133 Cart',⁴salutc1n.
697 4059 813 4124 Sciatis
826 4080 886 4135 me,
896 4061 931 4122 in
947 4058 1002 4121 lib.
1017 4057 1182 4120 viduetatc
1192 4078 1263 4120 mea
1276 4050 1398 4168 gffirgs

1279 4168 1353 4226 Cart’,

162 4219 171 4252 ¹
190 4222 327 4281 senaim-um
348 4220 384 4270 M.
399 4220 537 4270 sancimus.
849 4218 860 4250 ²
879 4219 1069 4271 sansadoniae.

162 4300 173 4334 ³
183 4303 309 4363 staulam.

162 4381 173 4416 ⁴
192 4385 255 4436 This
267 4402 344 4436 name
358 4402 419 4450 may
431 4384 464 4435 ba
476 4383 576 4447 Cantor,
589 4386 639 4436 but
650 4386 673 4438 it
687 4386 709 4437 is
721 4391 769 4437 not
781 4403 798 4436 a
809 4384 886 4436 usual
899 4400 982 4436 name.
1020 4384 1183 4449 Cartborpia
1196 4399 1268 4436 mora

127 4467 261 4533 probable,
275 4469 326 4520 but
338 4475 387 4519 not
399 4468 547 4518 warranted
560 4469 596 4533 by
608 4469 655 4521 tho
667 4469 848 4520 abbreviation
862 4467 1007 4534 employed.
