2916 4986
475 479 765 533 ruraonucroar
783 461 981 534 enarrans.
1192 464 1298 531 xxxiii

158 662 252 705 suum
268 642 466 725 quibusdam
482 664 522 707 ex
538 644 692 708 fratribus
706 644 868 727 patefecit,
882 666 900 708 e
922 646 1039 729 quibus
1062 646 1142 710 duos
1164 667 1241 710 mox
1262 647 1297 709 in

157 743 206 805 sui
222 743 384 827 propositi
401 743 586 808 societatem
602 744 664 809 sibi
678 745 848 828 adjunxit余
869 766 1005 828 quorum
1021 745 1103 810 alter
1124 746 1299 823 Diaconus,

157 849 268 923 postea
295 841 476 924 Presbyter,
498 842 645 919 Elfwius,
667 843 748 908 alter
769 845 900 928 ignarus
921 844 1103 908 litterarum
1124 844 1298 908 vocabatur

155 939 362 1004 Reinfridus:
385 940 503 1023 quibus
514 942 625 1005 Abbas
634 942 777 1025 ipsorum
788 962 854 1006 non
868 942 963 1006 aliter
976 942 1117 1007 abeundi
1130 942 1296 1008 licentiam

155 1038 231 1103 dare
258 1039 374 1115 voluit,
397 1040 461 1102 nisi
490 1041 581 1123 prius
605 1040 795 1105 Aldwinum
824 1042 870 1104 eis
900 1048 1107 1125 praeponeret,
1128 1046 1162 1106 et
1187 1061 1297 1105 curam

156 1139 339 1202 animarum
354 1138 482 1202 illorum
498 1140 562 1224 ipsi
577 1140 823 1204 commendaret.
853 1141 1067 1205 Perrexenmt
1077 1141 1187 1223 itaque
1198 1139 1297 1204 simul

156 1238 294 1321 pedibus
320 1238 507 1302 incedentes
536 1245 600 1303 tres
630 1239 789 1316 monachi,
813 1259 917 1302 unum
940 1239 1165 1303 tantummodo
1187 1258 1297 1303 secum

157 1337 312 1400 ducentes
327 1336 473 1413 asellum,
488 1358 552 1420 quo
566 1338 643 1401 libri
657 1338 828 1402 necessarii
843 1343 876 1401 et
887 1338 1080 1402 vestimenta
1089 1336 1298 1402 sacerdotalia

157 1433 198 1496 ad
223 1434 374 1496 divinum
403 1433 630 1499 celebrandum
660 1435 851 1519 mysterium
881 1435 1074 1499 ferebantur.
1120 1436 1163 1499 Et
1191 1435 1297 1519 ptimo

158 1533 291 1615 quidem
305 1554 401 1616 super
415 1534 519 1616 ripam
535 1534 609 1597 Tini
626 1533 771 1597 fluminis
785 1534 827 1597 ad
849 1533 979 1618 plagam
1004 1533 1297 1617 septentrionalem,

158 1632 193 1693 in
215 1630 287 1695 loco
309 1632 366 1715 qui
388 1632 508 1695 dicitur
529 1633 801 1708 Munecaceastre,
816 1632 904 1715 quod
927 1631 1158 1695 monachorum
1183 1632 1297 1696 civitas

160 1729 709 1815 appellatur,habitarecoeper1mt余
730 1731 788 1814 qui
802 1731 893 1794 locus
915 1730 994 1794 licet
1014 1730 1055 1793 ad
1078 1730 1298 1814 episcopatum

160 1829 437 1894 Dunhelmensem
474 1831 643 1913 pertineat,
676 1830 760 1914 juris
790 1837 899 1894 tamen
936 1830 970 1892 N
971 1828 1296 1913 orthanhymbrorum

161 1929 294 1992 Comitis
309 1929 453 1994 habetur.
500 1930 702 2013 Quapropter
715 1928 918 1993 venerandus
938 1928 1091 1992 Pontifex
1106 1927 1295 1993 Walcherus

161 2027 201 2090 ad
222 2027 296 2091 illos
318 2028 453 2092 mittens
465 2029 594 2112 rogavit
608 2036 645 2092 ut
668 2029 708 2092 ad
731 2049 765 2093 se
780 2028 938 2105 venirent,
953 2034 987 2091 et
1011 2028 1073 2091 sub
1095 2028 1168 2111 jure
1187 2028 1296 2111 potius

161 2125 302 2190 ecclesiae
339 2148 438 2210 quam
474 2129 536 2192 sub
572 2134 734 2210 potestate
770 2127 972 2191 saecularium
1002 2127 1155 2191 manendi
1190 2127 1298 2191 locum

160 2225 349 2309 acciperent.
396 2227 483 2304 Quos
513 2227 722 2291 advenientes
747 2227 852 2290 multo
876 2246 950 2291 cum
981 2226 1101 2292 honore
1125 2233 1159 2292 et
1181 2226 1298 2311 gaudio

159 2326 309 2408 suscepit,
324 2346 520 2409 magnasque
534 2328 605 2390 Deo
619 2327 795 2410 gratiarum
806 2326 947 2390 actiones
956 2325 1076 2404 retulit,
1086 2325 1173 2410 quod
1187 2327 1223 2388 in
1237 2326 1298 2390 hac

158 2424 323 2507 provincia
334 2425 530 2489 monachicae
538 2425 745 2509 professionis
754 2425 1116 2489 virosadhabitandum
1127 2426 1298 2506 suscipere,

159 2531 192 2586 et
207 2524 268 2586 sub
283 2544 341 2586 suo
356 2524 510 2607 regimine
533 2524 704 2588 memisset
725 2524 851 2588 habere.
894 2524 998 2588 Dedit
1013 2544 1085 2608 ergo
1105 2525 1151 2588 eis
1166 2524 1298 2586 Monae-

160 2622 278 2685 terium
307 2622 394 2685 beati
424 2622 520 2685 Pauli
545 2622 704 2706 Apostoli,
730 2643 749 2685 a
780 2622 955 2686 Benedicta
981 2623 1145 2706 quondam
1168 2622 1297 2686 Abbate

160 2727 382 2784 constructum
410 2722 446 2783 in
475 2721 633 2803 Gyruum,
666 2721 753 2804 quod
790 2721 953 2786 stantibus
983 2722 1088 2786 adhue
1119 2720 1196 2785 solis
1226 2722 1297 2785 sine

160 2820 302 2885 culmine
320 2820 497 2903 parietibus
517 2820 575 2882 vix
599 2820 730 2902 aliquod
750 2820 892 2903 antiquae
914 2820 1094 2884 nobilitatis
1117 2825 1299 2884 servaverat

160 2919 306 3003 signum余
327 2918 446 3001 quibus
468 2918 597 2983 culmen
621 2918 660 2982 de
680 2918 778 3002 lignis
803 2919 994 2983 informibus
1020 2927 1053 2983 et
1076 2919 1163 2981 foeno
1188 2938 1298 3000 super-

161 3025 324 3100 ponentes,
340 3017 458 3080 divinae
473 3018 640 3081 servitutis
662 3017 766 3080 officia
786 3017 909 3083 ibidem
933 3016 1091 3081 celebrare
1114 3023 1299 3098 coeperunt余

162 3119 309 3201 factaque
332 3117 394 3180 sub
417 3117 497 3199 ipsis
522 3117 699 3200 parietibus
725 3118 842 3193 casula,
868 3117 925 3180 ubi
951 3115 1127 3178 dormirent
1149 3122 1182 3178 et
1207 3135 1297 3178 man-

161 3216 324 3290 ducarent,
335 3215 554 3299 religiosorum
570 3215 753 3280 elemosinis
767 3237 940 3300 pauperem
950 3214 1053 3277 vitam
1067 3219 1296 3279 sustentarunt.

160 3314 212 3378 Ibi
234 3315 353 3398 pariter
374 3315 409 3377 in
431 3315 602 3398 frigoreae
624 3315 718 3392 fame,
733 3321 767 3378 et
788 3336 894 3379 rerum
916 3313 1061 3378 omnium
1084 3313 1219 3396 penuria
1239 3335 1297 3399 pro

165 3412 296 3477 Christo
311 3413 486 3477 residentes
502 3412 678 3496 degebant3
722 3464 728 3476 .
774 3463 781 3477 .
827 3465 833 3476 .

205 3512 290 3576 Cum
320 3519 429 3575 autem
455 3511 597 3574 famulus
619 3511 740 3575 Christi
766 3511 936 3575 Aldwinus
962 3511 1092 3588 ibidem,
1118 3513 1203 3575 sicut
1228 3513 1296 3595 jam

162 3612 287 3675 dictum
303 3618 360 3687 est,
375 3611 580 3694 aliquatenus
596 3610 806 3688 fructicasset,
821 3610 861 3674 ad
884 3611 949 3674 alia
971 3632 1098 3695 quoque
1120 3610 1190 3675 loca
1213 3613 1296 3695 cogi-

160 3711 246 3775 tavit
275 3711 420 3787 transire,
449 3718 483 3774 et
512 3709 619 3774 simile
649 3729 730 3792 opus
758 3711 900 3774 Domino
929 3711 1103 3794 adjuvante
1139 3710 1298 3794 perficere.

160 3809 267 3892 igitur
300 3809 477 3873 constituto
500 3809 652 3873 fratribus
678 3830 775 3892 quem
805 3811 1018 3874 communiter
1046 3810 1109 3893 ipsi
1139 3807 1298 3891 elegerant

160 3907 279 3984 Priore,
293 3907 496 3990 proficiscens
517 3907 593 3970 inde
608 3907 740 3990 reliquit
753 3908 874 3972 ibidem
890 3909 1012 3973 socium
1027 3928 1094 3971 suae
1117 3907 1297 3990 peregrina-

160 4005 270 4081 tionis,
285 4004 324 4069 de
339 4027 403 4088 quo
418 4006 641 4090 supradictum
655 4013 714 4082 est,
729 4006 892 4083 Elfwium,
908 4009 1015 4070 virum
1033 4005 1250 4088 simplicitatis
1265 4014 1299 4069 et

160 4104 354 4168 innocentiae
369 4106 483 4169 merito
498 4105 749 4188 praedicandum,
764 4106 962 4170 orationibus
977 4113 1011 4169 et
1024 4104 1166 4168 lacrimis
1178 4103 1299 4186 jugiter

159 4203 333 4266 intentum.
376 4203 504 4267 Tertius
529 4224 604 4268 vero
630 4203 760 4267 illorum
786 4206 901 4281 socius,
927 4204 1023 4268 videl.
1046 4203 1238 4278 Reiufridus,
1258 4203 1300 4266 ad

161 4300 407 4367 Streoneshalch
444 4302 531 4386 quod
568 4302 713 4366 Hwitebi
750 4304 939 4387 appellatur,
969 4303 1108 4382 secessit,
1145 4302 1202 4365 ubi
1244 4302 1300 4364 ad-

160 4399 329 4465 venientes
372 4403 560 4485 suscipiens,
597 4402 825 4466 monachorum
862 4402 1094 4467 habitationem
1132 4401 1300 4465 instituere
